@article{Adhikari1999,
archivePrefix = {arXiv},
arxivId = {physics/9911054},
author = {Adhikari, Sadhan K. and Biswas, P.K.},
doi = {10.1103/PhysRevA.59.2058},
eprint = {9911054},
journal = {Phys. Rev. A},
month = mar,
number = {3},
pages = {2058--2064},
title = {{Positronium–hydrogen-atom scattering in a five-state model}},
url = {http://link.aps.org/doi/10.1103/PhysRevA.59.2058},
volume = {59},
year = {1999}
}

@article{Adhikari2001b,
author = {Adhikari, Sadhan K. and Mandal, Puspajit},
doi = {10.1088/0953-4075/34/6/106},
journal = {J. Phys. B},
pages = {L187},
publisher = {IOP Publishing},
title = {{Convergent variational calculation of positronium-hydrogen-atom scattering lengths}},
url = {http://iopscience.iop.org/0953-4075/34/6/106},
volume = {34},
year = {2001}
}

@article{Adhikari2001e,
author = {Adhikari, Sadhan K.},
doi = {10.1103/PhysRevA.63.054502},
journal = {Phys. Rev. A},
month = apr,
number = {5},
pages = {054502},
title = {{Differential cross sections for elastic and inelastic positronium–hydrogen-atom scattering}},
url = {http://link.aps.org/doi/10.1103/PhysRevA.63.054502},
volume = {63},
year = {2001}
}

@article{Armitage2002,
author = {Armitage, S. and Leslie, D. E. and Garner, A. J. and Laricchia, G.},
doi = {10.1103/PhysRevLett.89.173402},
journal = {Phys. Rev. Lett.},
month = oct,
number = {17},
pages = {173402},
title = {{Fragmentation of Positronium in Collision with He Atoms}},
url = {http://link.aps.org/doi/10.1103/PhysRevLett.89.173402},
volume = {89},
year = {2002}
}

@article{Armitage2006,
author = {Armitage, S. and Leslie, D.E. and Beale, J. and Laricchia, G.},
doi = {10.1016/j.nimb.2006.01.044},
journal = {Nucl. Instrum. Methods B},
keywords = {electron,positron,positronium,ps fragmentation,ps impact ionization,ps total cross-section},
month = jun,
number = {1},
pages = {98--104},
title = {{Collisions involving positronium}},
url = {http://linkinghub.elsevier.com/retrieve/pii/S0168583X06000966},
volume = {247},
year = {2006}
}

@article{Armour1991,
author = {Armour, E.A.G. and Humberston, J. W.},
doi = {10.1016/0370-1573(91)90110-8},
journal = {Physics Reports},
month = may,
number = {2},
pages = {165--251},
title = {{Methods and programs in collisions of positrons with atoms and molecules}},
url = {http://linkinghub.elsevier.com/retrieve/pii/0370157391901108},
volume = {204},
year = {1991}
}

@article{Blackwood2002,
author = {{Jennifer Blackwood, Mary McAlinden, and H.R.J. Walters}},
doi = {10.1103/PhysRevA.65.032517},
journal = {Phys. Rev. A},
month = feb,
number = {3},
pages = {032517--1 -- 032517--10},
title = {{Positronium scattering by atomic hydrogen with inclusion of target excitation channels}},
url = {http://link.aps.org/doi/10.1103/PhysRevA.65.032517},
volume = {65},
year = {2002}
}

@article{Brown1985,
author = {Brown, B. L.},
journal = {Bull. Am. Phys. Soc.},
pages = {614},
volume = {30},
year = {1985}
}

@article{Bubin2006,
author = {Bubin, Sergiy and Adamowicz, Ludwik},
doi = {10.1103/PhysRevA.74.052502},
journal = {Phys. Rev. A},
month = nov,
number = {5},
pages = {052502},
title = {{Nonrelativistic variational calculations of the positronium molecule and the positronium hydride}},
url = {http://link.aps.org/doi/10.1103/PhysRevA.74.052502},
volume = {74},
year = {2006}
}

@article{Campbell1998,
author = {Campbell, C. and McAlinden, Mary and MacDonald, F. and Walters, H.R.J.},
doi = {10.1103/PhysRevLett.80.5097},
journal = {Phys. Rev. Lett.},
month = jun,
number = {23},
pages = {5097--5100},
title = {{Scattering of Positronium by Atomic Hydrogen}},
url = {http://link.aps.org/doi/10.1103/PhysRevLett.80.5097},
volume = {80},
year = {1998}
}

@article{Chiesa2002,
author = {Chiesa, Simone and Mella, Massimo and Morosi, Gabriele},
doi = {10.1103/PhysRevA.66.042502},
journal = {Phys. Rev. A},
month = oct,
number = {4},
pages = {042502},
title = {{Orthopositronium scattering off H and He}},
url = {http://link.aps.org/doi/10.1103/PhysRevA.66.042502},
volume = {66},
year = {2002}
}

@article{Cooper2010,
author = {Cooper, J.N. and Plummer, M. and Armour, E.A.G.},
doi = {10.1088/1751-8113/43/17/175302},
journal = {J. Phys. A},
month = apr,
number = {17},
pages = {175302},
title = {{Equivalence of the generalized and complex Kohn variational methods}},
url = {http://stacks.iop.org/1751-8121/43/i=17/a=175302?key=crossref.83773a6b37910635e0947df9c7fea637},
volume = {43},
year = {2010}
}

@misc{CurveSnap,
 title = {CurveSnap},
 howpublished = {\url{http://xoofee.com/2012/12/curvesnap/}},
 note = {Accessed: 2014-08-27}
}

@article{Drachman1975,
author = {Drachman, Richard J. and Houston, S. K.},
doi = {10.1103/PhysRevA.12.885},
journal = {Phys. Rev. A},
number = {3},
pages = {885--890},
title = {{Positronium-hydrogen elastic scattering}},
url = {http://link.aps.org/doi/10.1103/PhysRevA.12.885},
volume = {12},
year = {1975}
}

@article{Drachman1976,
author = {Drachman, Richard J. and Houston, S. K.},
doi = {10.1103/PhysRevA.14.894},
journal = {Phys. Rev. A},
number = {2},
pages = {894--896},
title = {{Positronium-hydrogen elastic scattering: The electronic S=1 state}},
url = {http://link.aps.org/doi/10.1103/PhysRevA.14.894},
volume = {14},
year = {1976}
}

@article{Drachman1979,
author = {Drachman, Richard},
doi = {10.1103/PhysRevA.19.1900},
journal = {Phys. Rev. A},
month = may,
number = {5},
pages = {1900--1905},
publisher = {APS},
title = {{Autodissociating Rydberg states of positronium hydride}},
url = {http://pra.aps.org/abstract/PRA/v19/i5/p1900\_1 http://link.aps.org/doi/10.1103/PhysRevA.19.1900},
volume = {19},
year = {1979}
}

@article{DiRienzi2002a,
author = {DiRienzi, Joseph and Drachman, Richard},
doi = {10.1103/PhysRevA.66.054702},
journal = {Phys. Rev. A},
month = nov,
number = {5},
pages = {054702},
title = {{D-wave resonances in positronium hydride}},
url = {http://link.aps.org/doi/10.1103/PhysRevA.66.054702},
volume = {66},
year = {2002}
}

@article{DiRienzi2002b,
author = {{Di Rienzi}, Joseph and Drachman, Richard J.},
doi = {10.1103/PhysRevA.65.032721},
journal = {Phys. Rev. A},
month = feb,
number = {3},
pages = {032721},
title = {{Resonances in positronium hydride}},
url = {http://link.aps.org/doi/10.1103/PhysRevA.65.032721},
volume = {65},
year = {2002}
}

@article{Drake1995,
author = {Drake, G. W. F. and Yan, Zong-Chao},
doi = {10.1103/PhysRevA.52.3681},
journal = {Phys. Rev. A},
number = {5},
pages = {3681--3685},
publisher = {APS},
title = {{Asymptotic-expansion method for the evaluation of correlated three-electron integrals}},
url = {http://link.aps.org/doi/10.1103/PhysRevA.52.3681},
volume = {52},
year = {1995}
}

@article{Engbrecht2008,
author = {Engbrecht, J. and Erickson, M. and Johnson, C. and Kolan, A. and Legard, A. and Lund, S. and Nyflot, M. and Paulsen, J.},
doi = {10.1103/PhysRevA.77.012711},
journal = {Phys. Rev. A},
month = jan,
number = {1},
pages = {012711},
title = {{Energy-dependent Ps-He momentum-transfer cross section at low energies}},
url = {http://link.aps.org/doi/10.1103/PhysRevA.77.012711},
volume = {77},
year = {2008}
}

@article{Fraser1961,
author = {Fraser, P. A.},
doi = {10.1088/0370-1328/78/3/301},
journal = {Proceedings of the Physical Society},
month = sep,
number = {3},
pages = {329--347},
title = {{The Scattering of Low-energy Ortho-positronium by Hydrogen Atoms}},
url = {http://stacks.iop.org/0370-1328/78/i=3/a=301?key=crossref.4b895448b6271337b61bcfbda0089cc1},
volume = {78},
year = {1961}
}

@misc{EngbrechtPrivate,
  author = {Engbrecht, J.},
  year = {2008},
  howpublished = {Private communication}
}

@article{Garner1996,
author = {Garner, A. J. and Laricchia, G. and \"{O}zen, A.},
doi = {10.1088/0953-4075/29/23/035},
journal = {J. Phys. B},
month = dec,
number = {23},
pages = {5961--5968},
title = {{Ps beam production and scattering from gaseous targets}},
url = {http://stacks.iop.org/0953-4075/29/i=23/a=035?key=crossref.113529ec58e343ed494abaa9209b4e12},
volume = {29},
year = {1996}
}

@book{GSL,
 author = {{Brian Gough}},
 title = {GNU Scientific Library Reference Manual - Third Edition},
 year = {2009},
 isbn = {0954612078, 9780954612078},
 edition = {3rd},
 publisher = {Network Theory Ltd.},
 address = {Bristol},
 url = {http://www.gnu.org/software/gsl/}
}

@article{Hara1975,
author = {Hara, S. and Fraser, P. A.},
doi = {10.1088/0022-3700/8/18/002},
journal = {J. Phys. B},
month = dec,
number = {18},
pages = {L472--L476},
title = {{Low-energy ortho-positronium scattering by hydrogen atoms}},
url = {http://stacks.iop.org/0022-3700/8/i=18/a=002?key=crossref.d02916227e2d83a6a5ee32deece38c88},
volume = {8},
year = {1975}
}

@article{Ho1978,
author = {Ho, Y. K.},
doi = {10.1103/PhysRevA.17.1675},
journal = {Phys. Rev. A},
month = may,
number = {5},
pages = {1675--1678},
title = {{A resonant state and the ground state of positronium hydride}},
url = {http://link.aps.org/doi/10.1103/PhysRevA.17.1675},
volume = {17},
year = {1978}
}

@article{Ho1986,
author = {Ho, Y. K.},
doi = {10.1103/PhysRevA.34.609},
journal = {Phys. Rev. A},
month = jul,
number = {1},
pages = {609--611},
publisher = {APS},
title = {{Positron annihilation in positronium hydrides}},
url = {http://link.aps.org/doi/10.1103/PhysRevA.34.609},
volume = {34},
year = {1986}
}

@article{Ho1998,
author = {Ho, Y. K. and Yan, Zong-Chao},
doi = {10.1088/0953-4075/31/20/006},
journal = {J. Phys. B},
month = oct,
number = {20},
pages = {L877--L882},
title = {{A D-wave resonance in positronium - hydrogen scattering}},
url = {http://stacks.iop.org/0953-4075/31/i=20/a=006?key=crossref.aa93592ae91c026546df5fd388d08323},
volume = {31},
year = {1998}
}

@article{Yan1998a,
author = {Yan, Zong-chao and Ho, Y. K.},
doi = {10.1103/PhysRevA.57.R2270},
journal = {Physical Review A},
month = apr,
number = {4},
pages = {R2270--R2273},
title = {{P-wave autodissociating resonant states of positronium hydride}},
url = {http://link.aps.org/doi/10.1103/PhysRevA.57.R2270},
volume = {57},
year = {1998}
}

@article{Ivanov2002,
author = {Ivanov, I. A. and Mitroy, J. and Varga, K.},
doi = {10.1103/PhysRevA.65.032703},
journal = {Phys. Rev. A},
month = feb,
number = {3},
pages = {032703},
title = {{Positronium-hydrogen scattering using the stochastic variational method}},
url = {http://link.aps.org/doi/10.1103/PhysRevA.65.032703},
volume = {65},
year = {2002}
}

@article{Laricchia1987,
author = {Laricchia, G. and Charlton, M. and Davies, S. A. and Beling, C. D. and Griffith, T. C.},
doi = {10.1088/0022-3700/20/3/006},
journal = {J. Phys. B},
month = feb,
number = {3},
pages = {L99--L105},
title = {{The production of collimated beams of o-Ps atoms using charge exchange in positron-gas collisions}},
url = {http://stacks.iop.org/0022-3700/20/i=3/a=006?key=crossref.2a2927c44eb759c4fbe6cc827bb08a1c},
volume = {20},
year = {1987}
}

@incollection{Laricchia2008,
  author = {Laricchia, G. and Armitage, S. and K\"{o}v\’{e}r, \’{A}. and Murtagha, D.J.},
  doi = {10.1016/S1049-250X(08)00010-4},
  title = {Ionizing Collisions by Positrons and Positronium Impact on the Inert Atoms},
  booktitle = {Advances In Atomic, Molecular, and Optical Physics},
  page = {1--47},
  volume = {56},
  year = {2008},
  isbn = {978-0-12-374290-2}
}

@misc{LaricchiaPrivate,
  author = {Laricchia, G.},
  year = {2009},
  howpublished = {Private communication}
}

@article{Lucchese1989,
author = {Lucchese, Robert R.},
doi = {10.1103/PhysRevA.40.6879},
journal = {Phys. Rev. A},
month = dec,
number = {12},
pages = {6879--6885},
title = {{Anomalous singularities in the complex Kohn variational principle of quantum scattering theory}},
url = {http://link.aps.org/doi/10.1103/PhysRevA.40.6879},
volume = {40},
year = {1989}
}

@article{Luchow1992,
author = {L\"{u}chow, Arne and Kleindienst, Heinz},
doi = {10.1016/0009-2614(92)86030-L},
journal = {Chemical Physics Letters},
month = sep,
number = {1-2},
pages = {105--107},
title = {{An efficient basis selection procedure for the reduction of the dimension in large Hylleraas-CI calculations}},
url = {http://linkinghub.elsevier.com/retrieve/pii/000926149286030L},
volume = {197},
year = {1992}
}

@article{Martin1980,
author = {Martin, D. W. and Fraser, P. A.},
doi = {10.1088/0022-3700/13/17/017},
journal = {J. Phys. B},
keywords = {Van der Waals},
month = sep,
number = {17},
pages = {3383--3387},
title = {{The van der Waals force between positronium and light atoms}},
url = {http://stacks.iop.org/0022-3700/13/i=17/a=017?key=crossref.52891532bdb92d8ebf82728e6f452f7d},
volume = {13},
year = {1980}
}

@Book{Nesbet2003,
 author = {Nesbet, R. K.},
 title = {Variational Principles and Methods in Theoretical Physics and Chemistry},
 publisher = {Cambridge University Press},
 year = {2003},
 address = {New York},
 isbn = {978-0521803915}
 }

@misc{NISTConversions,
 title = {{NIST} {C}onversions},
 howpublished = {\url{http://physics.nist.gov/cuu/Constants/energy.html}},
 note = {Accessed: 2014-08-27}
}

@article{Pachucki2004,
  author = {Pachucki, Krzysztof and Puchalski, Mariusz and Remiddi, Ettore},
  doi = {10.1103/PhysRevA.70.032502},
  journal = {Physical Review A},
  month = sep,
  number = {3},
  pages = {1--6},
  title = {{Recursion relations for the generic Hylleraas three-electron integral}},
  url = {http://link.aps.org/doi/10.1103/PhysRevA.70.032502},
  volume = {70},
  year = {2004}
}

@article{Page1976,
author = {Page, B. A. P.},
journal = {J. Phys. B},
number = {7},
pages = {1111--1114},
publisher = {Institute of Physics Publishing},
title = {{Positronium-hydrogen scattering lengths}},
url = {http://www.iop.org/EJ/article/0022-3700/9/7/011/jbv9i7p1111.pdf},
volume = {9},
year = {1976}
}

@article{Ray1997,
author = {Ray, Hasi and Ghosh, A.S.},
doi = {10.1088/0953-4075/30/16/014},
journal = {J. Phys. B},
pages = {3745},
title = {{Ray and Ghosh - Positronium - hydrogen-atom scattering using the static exchange model}},
url = {http://iopscience.iop.org/0953-4075/30/16/014/},
volume = {30},
year = {1997}
}

@Book{Sauer2006,
 author = {{Tim Sauer}},
 title = {Numerical analysis},
 publisher = {Pearson Addison Wesley},
 year = {2006},
 address = {Boston},
 isbn = {978-0321268983}
 }

@article{Schrader1992,
author = {{D. M. Schrader, Finn M. Jacobsen, Niels-Peter Frandsen, and Ulrik Mikkelsen}},
doi = {10.1103/PhysRevLett.69.57},
journal = {Phys. Rev. Lett.},
month = jul,
number = {1},
pages = {57--60},
title = {{Formation of positronium hydride}},
url = {http://link.aps.org/doi/10.1103/PhysRevLett.69.57},
volume = {69},
year = {1992}
}

@article{Schwartz1961a,
author = {Schwartz, Charles},
doi = {10.1103/PhysRev.123.1700},
journal = {Physical Review},
month = sep,
number = {5},
pages = {1700--1705},
title = {{Lamb Shift in the Helium Atom}},
url = {http://link.aps.org/doi/10.1103/PhysRev.123.1700},
volume = {123},
year = {1961}
}

@article{Sinha1997,
author = {{Prabal K. Sinha, Puspitapallab Chaudhury and A. S. Ghosh}},
doi = {10.1088/0953-4075/30/20/024},
journal = {J. Phys. B},
number = {20},
pages = {4643},
publisher = {IOP Publishing},
title = {{Ps-H scattering using the three-state positronium close-coupling approximation}},
url = {http://iopscience.iop.org/0953-4075/30/20/024},
volume = {30},
year = {1997}
}

@article{Sinha2000,
author = {Sinha, Prabal K. and Basu, Arindam and Ghosh, A.S.},
doi = {10.1088/0953-4075/33/13/317},
journal = {J. Phys. B},
month = jul,
number = {13},
pages = {2579--2587},
title = {{Low-energy positronium-hydrogen elastic scattering using the six-state close coupling approximation}},
url = {http://stacks.iop.org/0953-4075/33/i=13/a=317?key=crossref.a9d72670f7903b9f623db0dca16af715},
volume = {33},
year = {2000}
}

@phdthesis{Todd2007,
author = {Todd, A. C.},
school = {The University of Nottingham},
title = {{Helium-Antihydrogen Interactions}},
year = {2007}
}

@misc{VanReethPrivate,
  author = {{Van Reeth}, P.},
  year = {2008},
  howpublished = {Private communication}
}

@article{VanReeth1997,
author = {{Van Reeth}, P. and Humberston, J W},
doi = {10.1088/0953-4075/30/3/001},
journal = {Journal of Physics B: Atomic, Molecular and Optical Physics},
number = {3},
pages = {L95--L100},
title = {{A partial-wave analysis of positronium formation in positron - helium scattering}},
url = {http://stacks.iop.org/0953-4075/30/i=3/a=001?key=crossref.c44db477f3422fb89b9998a55293b588},
volume = {30},
year = {1997}
}

@article{VanReeth2003,
author = {{Van Reeth}, P. and Humberston, J. W.},
doi = {10.1088/0953-4075/36/10/303},
journal = {J. Phys. B},
month = may,
number = {10},
pages = {1923--1932},
title = {{Variational calculations of s-wave positronium hydrogen scattering}},
url = {http://stacks.iop.org/0953-4075/36/i=10/a=303?key=crossref.5c8f4f9659df795e6ef95e6d7cce528f},
volume = {36},
year = {2003}
}

@article{VanReeth2004,
author = {{Van Reeth}, P. and Humberston, J. W.},
doi = {10.1016/j.nimb.2004.03.045},
journal = {Nucl. Instrum. Methods B},
month = jul,
pages = {140--143},
title = {{Low energy positronium-hydrogen scattering}},
url = {http://linkinghub.elsevier.com/retrieve/pii/S0168583X04003817},
volume = {221},
year = {2004}
}

@article{Walters2004,
author = {Walters, H. R. J. and Yu, A.C.H. and Sahoo, S. and Gilmore, Sharon},
doi = {10.1016/j.nimb.2004.03.047},
journal = {Nucl. Instrum. Methods B},
keywords = {alkali metal,atomic hydrogen,close coupling,helium,hydrogen negative ion,lithium,positronium,positronium negative ion,pseudostates,resonances,scattering},
month = jul,
pages = {149--159},
title = {{Positronium-atom collisions}},
url = {http://linkinghub.elsevier.com/retrieve/pii/S0168583X04003830},
volume = {221},
year = {2004}
}

@inproceedings{Walters2009,
  author = {{James Walters}},
  title = {Theory of positron- and positronium-atom scattering},
  series = {POSMOL},
  url = {http://sit.yorku.ca/posmol09/programme.php},
  year = {2009}
}

@article{Yan1997,
author = {Yan, Zong-Chao and Drake, G. W. F.},
doi = {10.1088/0953-4075/30/21/012},
journal = {J. Phys. B},
month = nov,
number = {21},
pages = {4723--4750},
title = {{Computational methods for three-electron atomic systems in Hylleraas coordinates}},
url = {http://stacks.iop.org/0953-4075/30/i=21/a=012?key=crossref.b6dc55c4f129ffb011302325d8d2bc76},
volume = {30},
year = {1997}
}

@article{Yan1998a,
author = {Yan, Zong-Chao and Ho, Y. K.},
doi = {10.1103/PhysRevA.57.R2270},
journal = {Phys. Rev. A},
month = apr,
number = {4},
pages = {R2270--R2273},
title = {{P-wave autodissociating resonant states of positronium hydride}},
url = {http://link.aps.org/doi/10.1103/PhysRevA.57.R2270},
volume = {57},
year = {1998}
}

@article{Yan1999,
author = {Yan, Zong-Chao and Ho, Y. K.},
doi = {10.1103/PhysRevA.59.2697},
journal = {Phys. Rev. A},
month = apr,
number = {4},
pages = {2697--2701},
title = {{Ground state and S-wave autodissociating resonant states of positronium hydride}},
url = {http://link.aps.org/doi/10.1103/PhysRevA.59.2697},
volume = {59},
year = {1999}
}

@article{Yan2003,
author = {Yan, Zong-Chao and Ho, Y. K.},
doi = {10.1088/0953-4075/36/22/004},
journal = {J. Phys. B},
month = nov,
number = {22},
pages = {4417--4426},
title = {{Determination of resonance energies and widths in Ps–H scattering using the stabilization method}},
url = {http://stacks.iop.org/0953-4075/36/i=22/a=004?key=crossref.ce2b536a7028a8112038ef46af237e7e},
volume = {36},
year = {2003}
}

@article{Yan2011,
author = {Yan, Zong-Chao and Ho, Y. K.},
doi = {10.1103/PhysRevA.84.034503},
file = {:C$\backslash$:/Users/Denton/AppData/Local/Mendeley Ltd./Mendeley Desktop/Downloaded/Yan, Ho - 2011 - Higher-lying resonances in Ps-H scattering below the e\{\}-H\{−\} threshold.pdf:pdf},
issn = {1050-2947},
journal = {Phys. Rev. A},
mendeley-groups = {Ps-H Scattering},
month = sep,
number = {3},
pages = {24--26},
title = {{Higher-lying resonances in Ps-H scattering below the e\^{}\{+\}-H\^{}\{−\} threshold}},
url = {http://link.aps.org/doi/10.1103/PhysRevA.84.034503},
volume = {84},
year = {2011}
}

@article{Zafar1996,
author = {Zafar, N. and Laricchia, G. and Charlton, M. and Garner, A.},
doi = {10.1103/PhysRevLett.76.1595},
journal = {Phys. Rev. Lett.},
month = mar,
number = {10},
pages = {1595--1598},
title = {{Positronium-Argon Scattering}},
url = {http://www.ncbi.nlm.nih.gov/pubmed/10060469 http://link.aps.org/doi/10.1103/PhysRevLett.76.1595},
volume = {76},
year = {1996}
}

@article{Zhang2012,
author = {Zhang, J.-Y. and Yan, Z.-C. and Schwingenschl\"{o}gl, U.},
doi = {10.1209/0295-5075/99/43001},
journal = {EPL (Europhysics Letters)},
month = aug,
number = {4},
pages = {43001},
title = {{Elastic scattering of positronium: Application of the confined variational method}},
url = {http://stacks.iop.org/0295-5075/99/i=4/a=43001?key=crossref.8869950a3f6aa007042f7060f37d3a76},
volume = {99},
year = {2012}
}
