@book{Abramowitz1965,
author = {Abramowitz, Milton and Stegun, Irene A.},
isbn = {978-0486612720},
pages = {889},
publisher = {Dover},
title = {{Handbook of Mathematical Functions with Formulas, Graphs, and Mathematical Tables}},
year = {1965}
}

@book{Adhikari1998,
 author = {Adhikari, Sadhan},
 title = {Variational Principles and the Numerical Solution of Scattering Problems},
 publisher = {Wiley},
 year = {1998},
 address = {New York},
 isbn = {978-0471181934}
}

@article{Adhikari1999,
author = {Adhikari, Sadhan K. and Biswas, P. K.},
doi = {10.1103/PhysRevA.59.2058},
journal = {Physical Review A},
month = mar,
number = {3},
pages = {2058},
title = {{Positronium--hydrogen-atom scattering in a five-state model}},
url = {http://link.aps.org/doi/10.1103/PhysRevA.59.2058},
volume = {59},
year = {1999}
}

@article{Adhikari2001b,
author = {Adhikari, Sadhan K. and Mandal, Puspajit},
doi = {10.1088/0953-4075/34/6/106},
journal = {Journal of Physics B: Atomic and Molecular Physics},
pages = {L187},
publisher = {IOP Publishing},
title = {{Convergent variational calculation of positronium-hydrogen-atom scattering lengths}},
url = {http://iopscience.iop.org/0953-4075/34/6/106},
volume = {34},
year = {2001}
}

@article{Adhikari2001e,
author = {Adhikari, Sadhan K.},
doi = {10.1103/PhysRevA.63.054502},
journal = {Physical Review A},
month = apr,
number = {5},
pages = {054502},
title = {{Differential cross sections for elastic and inelastic positronium--hydrogen-atom scattering}},
url = {http://link.aps.org/doi/10.1103/PhysRevA.63.054502},
volume = {63},
year = {2001}
}

@article{Anderson1933,
author = {Anderson, Carl D.},
doi = {10.1103/PhysRev.43.491},
journal = {Physical Review},
month = mar,
number = {6},
pages = {491},
title = {{The Positive Electron}},
url = {http://link.aps.org/doi/10.1103/PhysRev.43.491},
volume = {43},
year = {1933}
}

@book{Arfken2005,
 author = {Arfken, George},
 title = {Mathematical Methods for Physicists},
 publisher = {Elsevier},
 year = {2005},
 address = {Boston},
 isbn = {978-0-12-059876-2}
}

@article{Armitage2002,
author = {Armitage, S. and Leslie, D. E. and Garner, A. J. and Laricchia, G.},
doi = {10.1103/PhysRevLett.89.173402},
journal = {Physical Review Letters},
month = oct,
number = {17},
pages = {173402},
title = {{Fragmentation of Positronium in Collision with He Atoms}},
url = {http://link.aps.org/doi/10.1103/PhysRevLett.89.173402},
volume = {89},
year = {2002}
}

@article{Armitage2006,
author = {Armitage, S. and Leslie, D.E. and Beale, J. and Laricchia, G.},
doi = {10.1016/j.nimb.2006.01.044},
journal = {Nuclear Instruments and Methods in Physics Research Section B: Beam Interactions with Materials and Atoms},
month = jun,
number = {1},
pages = {98},
title = {{Collisions involving positronium}},
url = {http://linkinghub.elsevier.com/retrieve/pii/S0168583X06000966},
volume = {247},
year = {2006}
}

@article{Armour1991,
author = {Armour, E. A. G. and Humberston, J. W.},
doi = {10.1016/0370-1573(91)90110-8},
journal = {Phys. Rep.},
month = may,
number = {2},
pages = {165},
title = {{Methods and programs in collisions of positrons with atoms and molecules}},
url = {http://linkinghub.elsevier.com/retrieve/pii/0370157391901108},
volume = {204},
year = {1991}
}

@misc{Arriola2010,
Author = {E. Ruiz Arriola},
Title = {Van der Waals forces and Photon-less Effective Field Theories},
Year = {2010},
Eprint = {arXiv:1012.2284},
}

@article{Barker2012,
author = {Barker, P. F. and Charlton, M.},
doi = {10.1088/1367-2630/14/4/045005},
journal = {New J. Phys.},
month = apr,
number = {4},
pages = {045005},
title = {{Directed fluxes of positronium using pulsed travelling optical lattices}},
url = {http://stacks.iop.org/1367-2630/14/i=4/a=045005?key=crossref.1ea3290e2cbd64d4d661f470e1c07f32},
volume = {14},
year = {2012}
}

@article{Beale2006,
author = {Beale, J. and Armitage, S. and Laricchia, G.},
doi = {10.1088/0953-4075/39/6/006},
journal = {Journal of Physics B: Atomic and Molecular Physics},
month = mar,
number = {6},
pages = {1337},
title = {{Positronium- and positron-H$_2$O total cross sections}},
url = {http://stacks.iop.org/0953-4075/39/i=6/a=006?key=crossref.7f1c8cd36504b604013e625a11330ae3},
volume = {39},
year = {2006}
}

@article{Bethe1949,
author = {Bethe, H. A.},
doi = {10.1103/PhysRev.76.38},
journal = {Physical Review},
month = jul,
number = {1},
pages = {38},
title = {{Theory of the Effective Range in Nuclear Scattering}},
url = {http://link.aps.org/doi/10.1103/PhysRev.76.38},
volume = {76},
year = {1949}
}

@article{Biswas2001,
author = {Biswas, P.K.},
doi = {10.1088/0953-4075/34/23/325},
journal = {Journal of Physics B: Atomic, Molecular and Optical Physics},
month = dec,
number = {23},
pages = {4831},
title = {{Effect of H$^-$ ion formation on positronium-hydrogen elastic scattering}},
url = {http://stacks.iop.org/0953-4075/34/i=23/a=325?key=crossref.114bd1fddb173442cb388af6d850a0b1},
volume = {34},
year = {2001}
}

@article{Biswas2002a,
author = {Biswas, P. K. and Frederico, T. and Germano, J. S. E.},
doi = {10.1103/PhysRevA.66.054701},
journal = {Physical Review A},
pages = {054701},
title = {{Zero- and negative-energy solutions of the coupled T-matrix equations: Application to positronium-hydrogen singlet scattering}},
volume = {66},
year = {2002}
}

@article{Blackwood2002,
author = {Blackwood, Jennifer E. and McAlinden, Mary T. and Walters, H. R. J.},
doi = {10.1103/PhysRevA.65.032517},
journal = {Physical Review A},
month = feb,
number = {3},
pages = {032517},
title = {{Positronium scattering by atomic hydrogen with inclusion of target excitation channels}},
url = {http://link.aps.org/doi/10.1103/PhysRevA.65.032517},
volume = {65},
year = {2002}
}

@article{Blackwood2002b,
author = {Blackwood, Jennifer E. and McAlinden, Mary T. and Walters, H. R. J.},
doi = {10.1103/PhysRevA.65.030502},
journal = {Physical Review A},
month = feb,
number = {3},
pages = {030502},
title = {{Importance of the H$^{-}$ channel in Ps-H scattering}},
url = {http://link.aps.org/doi/10.1103/PhysRevA.65.030502},
volume = {65},
year = {2002}
}

@article{Blackwood2002c,
author = {Blackwood, Jennifer E. and McAlinden, Mary T. and Walters, H. R. J.},
doi = {10.1088/0953-4075/35/12/303},
journal = {Journal of Physics B: Atomic and Molecular Physics},
month = jun,
number = {12},
pages = {2661},
title = {{Positronium scattering by Ne, Ar, Kr and Xe in the frozen target approximation}},
url = {http://stacks.iop.org/0953-4075/35/i=12/a=303?key=crossref.e89ea93dd603c94d40b3f015c8a0078d},
volume = {35},
year = {2002}
}

@article{Blatt1949,
author = {Blatt, John M. and Jackson, J. David},
doi = {10.1103/PhysRev.76.18},
journal = {Phys. Rev.},
month = jul,
number = {1},
pages = {18},
title = {{On the Interpretation of Neutron-Proton Scattering Data by the Schwinger Variational Method}},
url = {http://link.aps.org/doi/10.1103/PhysRev.76.18},
volume = {26},
year = {1949}
}

@Book{Bransden2003,
author = {Bransden, B. H. and Joachain, C. J.},
title = {Physics of Atoms and Molecules},
publisher = {Pearson Education Limited},
year = {2003},
address = {Harlow, England},
isbn = {978-0582356924},
}

@article{Brawley2010a,
author = {{S. J. Brawley, S. Armitage, J. Beale, D. E. Leslie, A. I. Williams, and G. Laricchia}},
doi = {10.1126/science.1192322},
journal = {Science},
month = nov,
number = {6005},
pages = {789},
pmid = {21051631},
title = {{Electron-Like Scattering of Positronium}},
url = {http://www.ncbi.nlm.nih.gov/pubmed/21051631},
volume = {330},
year = {2010}
}

@article{Brawley2010,
author = {Brawley, S. J. and Williams, A. I. and Shipman, M. and Laricchia, G.},
doi = {10.1103/PhysRevLett.105.263401},
journal = {Physical Review Letters},
month = dec,
number = {26},
pages = {263401},
title = {{Resonant Scattering of Positronium in Collision with CO$_2$}},
url = {http://link.aps.org/doi/10.1103/PhysRevLett.105.263401},
volume = {105},
year = {2010}
}

@article{Bressanini1998,
author = {Bressanini, Dario and Mella, Massimo and Morosi, Gabriele},
doi = {10.1103/PhysRevA.57.1678},
journal = {Physical Review A},
month = mar,
number = {3},
pages = {1678},
title = {{Stability and positron annihilation of positronium hydride L=0,1,2 states: A quantum Monte Carlo study}},
url = {http://link.aps.org/doi/10.1103/PhysRevA.57.1678},
volume = {57},
year = {1998}
}

@article{Bressanini2003,
author = {Bressanini, Dario and Morosi, Gabriele},
doi = {10.1063/1.1605931},
journal = {Journal of Chemical Physics},
number = {14},
pages = {7037},
title = {{Compact boundary-condition-determined wave function for positronium hydride (PsH)}},
volume = {119},
year = {2003}
}

@article{Bromley2001,
author = {Bromley, M. and Mitroy, J.},
doi = {10.1103/PhysRevA.65.012505},
journal = {Physical Review A},
pages = {012505},
title = {{Configuration-interaction calculations of PsH and e\^{}\{+\}Be}},
volume = {65},
year = {2001}
}

@article{Brown1985,
author = {Brown, B. L.},
journal = {Bull. Am. Phys. Soc.},
pages = {614},
title = {{Creation of Monoenergetic Positronium (Ps) in a Gas}},
volume = {30},
year = {1985}
}

@article{Bubin2004,
author = {Bubin, Sergiy and Adamowicz, Ludwik},
doi = {10.1063/1.1651056},
journal = {The Journal of Chemical Physics},
number = {13},
pages = {6051},
title = {{Non-Bornâ€“Oppenheimer study of positronic molecular systems: e$^+$LiH}},
url = {http://link.aip.org/link/JCPSA6/v120/i13/p6051/s1\&Agg=doi},
volume = {120},
year = {2004}
}

@article{Bubin2006,
author = {Bubin, Sergiy and Adamowicz, Ludwik},
doi = {10.1103/PhysRevA.74.052502},
journal = {Physical Review A},
month = nov,
number = {5},
pages = {052502},
title = {{Nonrelativistic variational calculations of the positronium molecule and the positronium hydride}},
url = {http://link.aps.org/doi/10.1103/PhysRevA.74.052502},
volume = {74},
year = {2006}
}

@article{Buckman1989,
author = {Buckman, Stephen J. and Mitroy, Jim},
doi = {10.1088/0953-4075/22/9/010},
journal = {Journal of Physics B: Atomic and Molecular Physics},
month = may,
number = {9},
pages = {1365},
title = {{Analysis of low-energy electron scattering cross sections via effective-range theory}},
url = {http://stacks.iop.org/0953-4075/22/i=9/a=010?key=crossref.212f2aec00693e564e132b01e97f821f},
volume = {22},
year = {1989}
}

@book{Burke1995,
author = {Burke, Philip G. and Joachain, Charles J.},
chapter = {2},
edition = {1st},
pages = {62--65},
publisher = {Springer},
title = {{Theory of Electron-Atom Collisions: Part One}},
year = {1995}
}

@article{Campbell1998,
author = {Campbell, C. P. and McAlinden, Mary T. and MacDonald, F. G. R. S. and Walters, H. R. J.},
doi = {10.1103/PhysRevLett.80.5097},
journal = {Physical Review Letters},
month = jun,
number = {23},
pages = {5097},
title = {{Scattering of Positronium by Atomic Hydrogen}},
url = {http://link.aps.org/doi/10.1103/PhysRevLett.80.5097},
volume = {80},
year = {1998}
}

@Book{Charlton2001,
author = {Charlton, M. and Humberston, J. W.},
title = {Positron Physics},
publisher = {Cambridge University Press},
year = {2001},
pages = {308},
address = {Cambridge, England, UK},
isbn = {0521415500}
}

@article{Chiesa2002,
author = {Chiesa, Simone and Mella, Massimo and Morosi, Gabriele},
doi = {10.1103/PhysRevA.66.042502},
journal = {Physical Review A},
month = oct,
number = {4},
pages = {042502},
title = {{Orthopositronium scattering off H and He}},
url = {http://link.aps.org/doi/10.1103/PhysRevA.66.042502},
volume = {66},
year = {2002}
}

@article{Chiesa2004,
author = {Chiesa, Simone and Mella, Massimo and Morosi, Gabriele},
doi = {10.1103/PhysRevA.69.022701},
journal = {Physical Review A},
pages = {022701},
title = {{Quantum Monte Carlo estimators for the positron-electron annihilation rate in bound and low-energy scattering states}},
volume = {69},
year = {2004}
}

@article{Clary1976,
author = {Clary, David C.},
doi = {10.1088/0022-3700/9/17/025},
journal = {Journal of Physics B: Atomic and Molecular Physics},
month = dec,
number = {17},
pages = {3115},
title = {{Configuration-interaction-Hylleraas calculations on one-positron atomic systems}},
url = {http://stacks.iop.org/0022-3700/9/i=17/a=025?key=crossref.cee5927f20034a3b06085b7aa1bacfe2},
volume = {9},
year = {1976}
}

@article{Cooper2009,
author = {Cooper, J. N. and Armour, E. A. G. and Plummer, M.},
doi = {10.1088/1751-8113/42/9/095207},
journal = {J. Phys. A},
month = mar,
number = {9},
pages = {095207},
title = {{Anomaly-free singularities in the generalized Kohn variational method}},
url = {http://stacks.iop.org/1751-8121/42/i=9/a=095207?key=crossref.656aa8042e28742fbbb65943f4342860},
volume = {42},
year = {2009}
}

@article{Cooper2010,
author = {Cooper, J. N. and Plummer, M. and Armour, E. A. G.},
doi = {10.1088/1751-8113/43/17/175302},
journal = {J. Phys. A},
month = apr,
number = {17},
pages = {175302},
title = {{Equivalence of the generalized and complex Kohn variational methods}},
url = {http://stacks.iop.org/1751-8121/43/i=17/a=175302?key=crossref.83773a6b37910635e0947df9c7fea637},
volume = {43},
year = {2010}
}

@article{Crannell1976,
author = {{Carol Jo Crannel, Glenn Joyce, Reuven Ramaty, and Carl Werntz}},
doi = {10.1086/154863},
journal = {ApJ},
month = dec,
pages = {582-592},
title = {{Formation of the 0.511 MeV line in solar flares}},
url = {http://adsabs.harvard.edu/doi/10.1086/154863},
volume = {210},
year = {1976}
}

@misc{CurveSnap,
 title = {{CurveSnap}},
 howpublished = {\url{http://xoofee.com/2012/12/curvesnap/}},
 note = {Accessed: 2014-08-27},
 year = {2012}
}

@article{Czarnecki1999,
author = {Czarnecki, Andrzej and Melnikov, Kirill and Yelkhovsky, Alexander},
doi = {10.1103/PhysRevLett.83.1135},
journal = {Physical Review Letters},
month = aug,
number = {6},
pages = {1135},
title = {{$\alpha^2$ Corrections to Parapositronium Decay}},
url = {http://link.aps.org/doi/10.1103/PhysRevLett.83.1135},
volume = {83},
year = {1999}
}

@article{Deutsch1951,
author = {Deutsch, Martin},
doi = {10.1103/PhysRev.82.455},
journal = {Physical Review},
keywords = {doi:10.1103/PhysRev.82.455 url:http://dx.doi.org/1},
month = may,
number = {3},
pages = {455},
title = {{Evidence for the Formation of Positronium in Gases}},
url = {http://link.aps.org/doi/10.1103/PhysRev.82.455},
volume = {82},
year = {1951}
}

@article{Dirac1931,
author = {Dirac, P. A. M.},
doi = {10.1098/rspa.1931.0130},
journal = {Proceedings of the Royal Society A: Mathematical, Physical and Engineering Sciences},
month = sep,
number = {821},
pages = {60},
title = {{Quantised Singularities in the Electromagnetic Field}},
url = {http://rspa.royalsocietypublishing.org/cgi/doi/10.1098/rspa.1931.0130},
volume = {133},
year = {1931}
}

@article{Drachman1975,
author = {Drachman, Richard J. and Houston, S. K.},
doi = {10.1103/PhysRevA.12.885},
journal = {Physical Review A},
number = {3},
pages = {885},
title = {{Positronium-hydrogen elastic scattering}},
url = {http://link.aps.org/doi/10.1103/PhysRevA.12.885},
volume = {12},
year = {1975}
}

@article{Drachman1976,
author = {Drachman, Richard J. and Houston, S. K.},
doi = {10.1103/PhysRevA.14.894},
journal = {Physical Review A},
number = {2},
pages = {894},
title = {{Positronium-hydrogen elastic scattering: The electronic S=1 state}},
url = {http://link.aps.org/doi/10.1103/PhysRevA.14.894},
volume = {14},
year = {1976}
}

@article{Drachman1979,
author = {Drachman, Richard J.},
doi = {10.1103/PhysRevA.19.1900},
journal = {Physical Review A},
month = may,
number = {5},
pages = {1900},
publisher = {APS},
title = {{Autodissociating Rydberg states of positronium hydride}},
url = {http://pra.aps.org/abstract/PRA/v19/i5/p1900\_1 http://link.aps.org/doi/10.1103/PhysRevA.19.1900},
volume = {19},
year = {1979}
}

@article{DiRienzi2002a,
author = {DiRienzi, Joseph and Drachman, Richard J.},
doi = {10.1103/PhysRevA.66.054702},
journal = {Physical Review A},
month = nov,
number = {5},
pages = {054702},
title = {{D-wave resonances in positronium hydride}},
url = {http://link.aps.org/doi/10.1103/PhysRevA.66.054702},
volume = {66},
year = {2002}
}

@article{DiRienzi2002b,
author = {{Di Rienzi}, Joseph and Drachman, Richard J.},
doi = {10.1103/PhysRevA.65.032721},
journal = {Physical Review A},
month = feb,
number = {3},
pages = {032721},
title = {{Resonances in positronium hydride}},
url = {http://link.aps.org/doi/10.1103/PhysRevA.65.032721},
volume = {65},
year = {2002}
}

@article{Drake1995,
author = {Drake, G. W. F. and Yan, Zong-Chao},
doi = {10.1103/PhysRevA.52.3681},
journal = {Physical Review A},
number = {5},
pages = {3681},
publisher = {APS},
title = {{Asymptotic-expansion method for the evaluation of correlated three-electron integrals}},
url = {http://link.aps.org/doi/10.1103/PhysRevA.52.3681},
volume = {52},
year = {1995}
}

@book{Drake2006,
address = {New York, NY},
author = {Flannery, M. R.},
doi = {10.1007/978-0-387-26308-3_45},
edition = {2nd},
editor = {Drake, G. W. F.},
isbn = {978-0387208022},
pages = {668},
publisher = {Springer},
title = {{Springer Handbook of Atomic, Molecular, and Optical Physics}},
year = {2006}
}

@misc{dsygv,
 author = {{LAPACK} dsygv},
 title = {{LAPACK} dsygv},
 url = {http://www.webcitation.org/5zH8RxOrY},
 NOTE = "\texttt{http://www.webcitation.org/5zH8RxOrY}",
 year = {2011}
}

@article{Engbrecht2008,
author = {{J. J. Engbrecht, M. J. Erickson, C. P. Johnson, A. J. Kolan, A. E. Legard, S. P. Lund, M. J. Nyflot, and J. D. Paulsen}},
doi = {10.1103/PhysRevA.77.012711},
journal = {Physical Review A},
month = jan,
number = {1},
pages = {012711},
title = {{Energy-dependent Ps-He momentum-transfer cross section at low energies}},
url = {http://link.aps.org/doi/10.1103/PhysRevA.77.012711},
volume = {77},
year = {2008}
}

@article{Fabrikant2014,
author = {Fabrikant, I. I. and Gribakin, G. F.},
doi = {10.1103/PhysRevLett.112.243201},
journal = {Physical Review Letters},
month = jun,
number = {24},
pages = {243201},
title = {{Similarity between Positronium-Atom and Electron-Atom Scattering}},
url = {http://link.aps.org/doi/10.1103/PhysRevLett.112.243201},
volume = {112},
year = {2014}
}

@article{Fabrikant2014a,
author = {Fabrikant, I. I. and Gribakin, G. F.},
doi = {10.1103/PhysRevA.90.052717},
journal = {Physical Review A},
month = nov,
number = {5},
pages = {052717},
title = {{Positronium-atom scattering at low energies}},
url = {http://link.aps.org/doi/10.1103/PhysRevA.90.052717},
volume = {90},
year = {2014}
}

@article{Fano1961,
author = {Fano, U.},
doi = {10.1103/PhysRev.124.1866},
journal = {Phys. Rev.},
month = dec,
number = {6},
pages = {1866},
title = {{Effects of Configuration Interaction on Intensities and Phase Shifts}},
url = {http://link.aps.org/doi/10.1103/PhysRev.124.1866},
volume = {124},
year = {1961}
}

@article{Fraser1961,
author = {Fraser, P. A.},
doi = {10.1088/0370-1328/78/3/301},
journal = {Proc. Phys. Soc.},
month = sep,
number = {3},
pages = {329},
title = {{The Scattering of Low-energy Ortho-positronium by Hydrogen Atoms}},
url = {http://stacks.iop.org/0370-1328/78/i=3/a=301?key=crossref.4b895448b6271337b61bcfbda0089cc1},
volume = {78},
year = {1961}
}

@article{Frolov1997a,
author = {Frolov, Alexei M. and Smith, Jr., Vedene H.},
doi = {10.1103/PhysRevA.56.2417},
journal = {Physical Review A},
month = sep,
number = {3},
pages = {2417},
title = {{Ground state of positronium hydride}},
url = {http://link.aps.org/doi/10.1103/PhysRevA.56.2417},
volume = {56},
year = {1997}
}

@article{Frolov1997c,
author = {Frolov, Alexei M. and Smith, Jr., Vedene H.},
doi = {10.1103/PhysRevA.55.2662},
journal = {Physical Review A},
month = apr,
number = {4},
pages = {2662},
title = {{Positronium hydrides and the Ps$_2$ molecule: Bound-state properties, positron annihilation rates, and hyperfine structure}},
url = {http://link.aps.org/doi/10.1103/PhysRevA.55.2662},
volume = {55},
year = {1997}
}

@article{Frolov2003,
author = {Frolov, Alexei M. and Bailey, David H.},
doi = {10.1088/0953-4075/36/9/315},
journal = {Journal of Physics B: Atomic, Molecular and Optical Physics},
month = may,
number = {9},
pages = {1857},
title = {{Highly accurate evaluation of the few-body auxiliary functions and four-body integrals}},
url = {http://stacks.iop.org/0953-4075/36/i=9/a=315?key=crossref.eef8dacd204c472e65ca610f40d27c6d},
volume = {36},
year = {2003}
}

@article{Frolov2010,
author = {Frolov, Alexei M.},
doi = {10.1016/j.physleta.2010.03.051},
journal = {Physics Letters A},
month = may,
number = {23},
pages = {2361},
title = {{Semi-exponential basis for highly accurate computations of three-electron atomic systems}},
url = {http://linkinghub.elsevier.com/retrieve/pii/S0375960110003750},
volume = {374},
year = {2010}
}

@article{Fromm1987,
author = {Fromm, David Meloy and Hill, Robert Nyden},
doi = {10.1103/PhysRevA.36.1013},
journal = {Physical Review A},
month = aug,
number = {3},
pages = {1013},
title = {{Analytic evaluation of three-electron integrals}},
url = {http://link.aps.org/doi/10.1103/PhysRevA.36.1013},
volume = {36},
year = {1987}
}

@article{Gao1998a,
author = {Gao, Bo},
doi = {10.1103/PhysRevA.58.4222},
journal = {Physical Review A},
month = nov,
number = {5},
pages = {4222},
title = {{Quantum-defect theory of atomic collisions and molecular vibration spectra}},
url = {http://link.aps.org/doi/10.1103/PhysRevA.58.4222},
volume = {58},
year = {1998}
}

@article{Gao1998,
author = {Gao, Bo},
doi = {10.1103/PhysRevA.58.1728},
journal = {Physical Review A},
month = sep,
number = {3},
pages = {1728},
title = {{Solutions of the Schr\"{o}dinger equation for an attractive 1/r$^6$ potential}},
url = {http://link.aps.org/doi/10.1103/PhysRevA.58.1728},
volume = {58},
year = {1998}
}

@article{Garner1996,
author = {Garner, A. J. and Laricchia, G. and \"{O}zen, A.},
doi = {10.1088/0953-4075/29/23/035},
journal = {Journal of Physics B: Atomic and Molecular Physics},
month = dec,
number = {23},
pages = {5961},
title = {{Ps beam production and scattering from gaseous targets}},
url = {http://stacks.iop.org/0953-4075/29/i=23/a=035?key=crossref.113529ec58e343ed494abaa9209b4e12},
volume = {29},
year = {1996}
}

@article{Garner1998,
author = {Garner, A. J. and \"{O}zen, A. and Laricchia, G.},
doi = {10.1016/S0168-583X(98)00218-3},
journal = {Nuclear Instruments and Methods in Physics Research Section B: Beam Interactions with Materials and Atoms},
month = aug,
number = {1-2},
pages = {155},
title = {{Positronium beam scattering from atoms and molecules}},
url = {http://linkinghub.elsevier.com/retrieve/pii/S0168583X98002183},
volume = {143},
year = {1998}
}

@article{Garner2000,
author = {Garner, A. J. and \"{O}zen, A. and Laricchia, G.},
doi = {10.1088/0953-4075/33/6/302},
journal = {Journal of Physics B: Atomic and Molecular Physics},
month = mar,
number = {6},
pages = {1149},
title = {{The effect of forward-angle scattering on positronium-gas total cross sections}},
url = {http://stacks.iop.org/0953-4075/33/i=6/a=302?key=crossref.96994a1bb62d0b734f71856f0f5e842e},
volume = {33},
year = {2000}
}

@book{GSL,
 author = {Galassi, Mark},
 title = {{GNU Scientific Library Reference Manual (3rd. Ed.)}},
 year = {2009},
 isbn = {0954612078, 9780954612078},
 edition = {3rd},
 publisher = {Network Theory Ltd.},
 address = {Bristol},
 url = {http://www.gnu.org/software/gsl/}
}

@misc{GSLsimplex,
author = {GSL},
title = {Multidimensional Minimization},
url = {https://www.gnu.org/software/gsl/manual/html_node/Multidimensional-Minimization.html},
note = "\texttt{https://www.gnu.org/software/gsl/manual/html\_node/Multidimensional-Minimization.html}",
year = {2012}
}

@article{Hara1975,
author = {Hara, S. and Fraser, P. A.},
doi = {10.1088/0022-3700/8/18/002},
journal = {Journal of Physics B: Atomic and Molecular Physics},
month = dec,
number = {18},
pages = {L472},
title = {{Low-energy ortho-positronium scattering by hydrogen atoms}},
url = {http://stacks.iop.org/0022-3700/8/i=18/a=002?key=crossref.d02916227e2d83a6a5ee32deece38c88},
volume = {8},
year = {1975}
}

@article{Harris2009,
author = {Harris, Frank E.},
doi = {10.1103/PhysRevA.79.032517},
journal = {Physical Review A},
month = mar,
number = {3},
pages = {032517},
title = {{Recurrence formulas for fully exponentially correlated four-body wave functions}},
url = {http://link.aps.org/doi/10.1103/PhysRevA.79.032517},
volume = {79},
year = {2009}
}

@article{Hartree1928,
author = {Hartree, D. R.},
doi = {10.1017/S0305004100011919},
journal = {Mathematical Proceedings of the Cambridge Philosophical Society},
number = {1},
pages = {89},
title = {{The Wave Mechanics of an Atom with a Non-Coulomb Central Field. Part I. Theory}},
volume = {24},
year = {1928}
}

@article{Hazi1970,
author = {Hazi, Andrew U. and Taylor, Howard S.},
doi = {10.1103/PhysRevA.1.1109},
journal = {Physical Review A},
number = {4},
pages = {1109--1120},
title = {{Stabilization Method of Calculating Resonance Energies: Model Problem}},
url = {http://link.aps.org/doi/10.1103/PhysRevA.1.1109},
volume = {1},
year = {1970}
}

@article{Hazi1979,
author = {Hazi, A. U.},
doi = {10.1103/PhysRevA.19.920},
journal = {Physical Review A},
month = feb,
number = {2},
pages = {920},
title = {{Behavior of the eigenphase sum near a resonance}},
url = {http://journals.aps.org/pra/abstract/10.1103/PhysRevA.19.920 http://link.aps.org/doi/10.1103/PhysRevA.19.920},
volume = {19},
year = {1979}
}

@article{Heyrovska2011,
author = {Heyrovska, Raji},
journal = {Nature Precedings},
pages = {1},
title = {{Atomic and molecular structures of positronium, dipositronium and positronium hydride}},
url = {http://precedings.nature.com/documents/6290/version/1},
year = {2011}
}

@article{Hinckelmann1971,
author = {Hinckelmann, Otto and Spruch, Larry},
doi = {10.1103/PhysRevA.3.642},
journal = {Physical Review A},
month = feb,
number = {2},
pages = {642},
title = {{Low-Energy Scattering by Long-Range Potentials}},
url = {http://link.aps.org/doi/10.1103/PhysRevA.3.642},
volume = {3},
year = {1971}
}

@article{Ho1978,
author = {Ho, Y. K.},
doi = {10.1103/PhysRevA.17.1675},
journal = {Physical Review A},
month = may,
number = {5},
pages = {1675},
title = {{A resonant state and the ground state of positronium hydride}},
url = {http://link.aps.org/doi/10.1103/PhysRevA.17.1675},
volume = {17},
year = {1978}
}

@article{Ho1986,
author = {Ho, Y. K.},
doi = {10.1103/PhysRevA.34.609},
journal = {Physical Review A},
month = jul,
number = {1},
pages = {609},
publisher = {APS},
title = {{Positron annihilation in positronium hydrides}},
url = {http://link.aps.org/doi/10.1103/PhysRevA.34.609},
volume = {34},
year = {1986}
}

@article{Ho1998,
author = {Ho, Y. K. and Yan, Zong-Chao},
doi = {10.1088/0953-4075/31/20/006},
journal = {Journal of Physics B: Atomic and Molecular Physics},
month = oct,
number = {20},
pages = {L877},
title = {{A D-wave resonance in positronium-hydrogen scattering}},
url = {http://stacks.iop.org/0953-4075/31/i=20/a=006?key=crossref.aa93592ae91c026546df5fd388d08323},
volume = {31},
year = {1998}
}

@article{Ho2000,
author = {Ho, Y. K. and Yan, Zong-Chao},
doi = {10.1103/PhysRevA.62.052503},
journal = {Physical Review A},
month = oct,
number = {5},
pages = {052503},
title = {{F- and G-wave resonances in positronium-hydrogen scattering}},
url = {http:/helium/link.aps.org/doi/10.1103/PhysRevA.62.052503},
volume = {62},
year = {2000}
}

@article{Houston1973,
author = {Houston, S. K. and Drachman, Richard J.},
doi = {10.1103/PhysRevA.7.819},
journal = {Physical Review A},
month = feb,
number = {2},
pages = {819},
title = {{Comment on the Ground State of Positronium Hydride}},
url = {http://link.aps.org/doi/10.1103/PhysRevA.7.819},
volume = {7},
year = {1973}
}

@article{Hylleraas1929,
author = {Hylleraas, Egil A.},
journal = {Zeitschrift f\"{u}r Physik},
pages = {347},
title = {{Neue Berechnung der Energie des Heliums im Grundstande, sowie des tiefsten Terms von Ortho-Heliium}},
volume = {54},
year = {1929}
}

@article{IPython,
  Author    = {P\'erez, Fernando and Granger, Brian E.},
  Title     = {{IP}ython: a System for Interactive Scientific Computing},
  Journal   = {Computing in Science and Engineering},
  Volume    = {9},
  Number    = {3},
  Pages     = {21--29},
  month     = may,
  year      = 2007,
  url       = "http://ipython.org",
  ISSN      = "1521-9615",
  doi       = {10.1109/MCSE.2007.53},
  publisher = {IEEE Computer Society},
}

@article{Ivanov2001,
author = {Ivanov, I. A. and Mitroy, J. and Varga, K.},
doi = {10.1103/PhysRevLett.87.063201},
journal = {Physical Review Letters},
month = jul,
number = {6},
pages = {063201},
title = {{Elastic Positronium-Atom Scattering Using the Stochastic Variational Method}},
url = {http://link.aps.org/doi/10.1103/PhysRevLett.87.063201},
volume = {87},
year = {2001}
}

@article{Ivanov2002,
author = {Ivanov, I. A. and Mitroy, J. and Varga, K.},
doi = {10.1103/PhysRevA.65.032703},
journal = {Physical Review A},
month = feb,
number = {3},
pages = {032703},
title = {{Positronium-hydrogen scattering using the stochastic variational method}},
url = {http://link.aps.org/doi/10.1103/PhysRevA.65.032703},
volume = {65},
year = {2002}
}

@article{Jiang1998,
  doi = {10.1063/1.477604},
  url = {http://dx.doi.org/10.1063/1.477604},
  year  = {1998},
  volume = {109},
  number = {21},
  pages = {9430},
  author = {Nan Jiang and D. M. Schrader},
  title = {{Diffusion quantum Monte Carlo calculation of the binding energy and annihilation rate of positronium hydride, PsH}},
  journal = {J. Chem. Phys.}
}

@Book{Joachain1979,
author = {Joachain, C. J.},
title = {Quantum collision theory},
publisher = {North-Holland},
year = {1979},
address = {Amsterdam Oxford},
isbn = {978-0444852359}
}

@article{Kato1951a,
author = {Kato, Tosio},
doi = {10.1143/PTP.6.394},
journal = {Progress of Theoretical Physics},
number = {3},
pages = {394},
title = {{Upper and Lower Bounds of Scattering Phases}},
url = {http://ptp.ipap.jp/link?PTP/6/394/},
volume = {6},
year = {1951}
}

@article{King1993,
author = {King, Frederick W.},
doi = {10.1063/1.466160},
journal = {The Journal of Chemical Physics},
number = {5},
pages = {3622},
title = {{Analysis of some integrals arising in the atomic four-electron problem}},
url = {http://scitation.aip.org/content/aip/journal/jcp/99/5/10.1063/1.466160},
volume = {99},
year = {1993}
}

@article{Kinzer1996,
author = {Kinzer, R.L. and Purcell, W.R. and Johnson, W.N. and Kurfess, J.D. and Jung, G. and Skibo, J.},
journal = {Astronomy and Astrophysics Supplement},
pages = {317},
title = {{OSSE observations of positron annihilation in the Galactic plane}},
url = {http://adsabs.harvard.edu/abs/1996A&AS..120C.317K},
volume = {120},
year = {1996}
}

@article{Kohn1948,
author = {Kohn, W.},
doi = {10.1103/PhysRev.74.1763},
journal = {Physical Review},
number = {12},
pages = {1763},
title = {{Variational methods in nuclear collision problems}},
url = {http://link.aps.org/doi/10.1103/PhysRev.74.1763},
volume = {74},
year = {1948}
}

@article{Kvaalen1991,
author = {Kvaalen, Eric},
doi = {10.1007/BF01931297},
journal = {BIT Numerical Mathematics},
month = jun,
number = {2},
pages = {369},
title = {{A Faster Broyden Method}},
url = {http://www.springerlink.com/index/10.1007/BF01931297},
volume = {31},
year = {1991}
}

@BOOK{Lapack,
      AUTHOR = {Anderson, E. and Bai, Z. and Bischof, C. and
                Blackford, S. and Demmel, J. and Dongarra, J. and
                Du Croz, J. and Greenbaum, A. and Hammarling, S. and
                McKenney, A. and Sorensen, D.},
      TITLE = {{LAPACK} Users' Guide},
      EDITION = {Third},
      PUBLISHER = {Society for Industrial and Applied Mathematics},
      YEAR = {1999},
      ADDRESS = {Philadelphia, PA},
      ISBN = {0-89871-447-8 (paperback)}
}

@article{Laricchia1987,
author = {{G. Laricchia, M. Charlton, S. A. Davies, C. D. Beling and T. C. Griffith}},
doi = {10.1088/0022-3700/20/3/006},
journal = {Journal of Physics B: Atomic and Molecular Physics},
month = feb,
number = {3},
pages = {L99},
title = {{The production of collimated beams of o-Ps atoms using charge exchange in positron-gas collisions}},
url = {http://stacks.iop.org/0022-3700/20/i=3/a=006?key=crossref.2a2927c44eb759c4fbe6cc827bb08a1c},
volume = {20},
year = {1987}
}

@article{Laricchia2004,
author = {Laricchia, G. and Armitage, S. and Leslie, D.E.},
doi = {10.1016/j.nimb.2004.03.032},
journal = {Nuclear Instruments and Methods in Physics Research Section B: Beam Interactions with Materials and Atoms},
month = jul,
pages = {60},
title = {{Positronium induced collisions}},
url = {http://linkinghub.elsevier.com/retrieve/pii/S0168583X04003684},
volume = {221},
year = {2004}
}

@incollection{Laricchia2008,
  doi = {10.1016/s1049-250x(08)00010-4},
  url = {http://dx.doi.org/10.1016/S1049-250X(08)00010-4},
  year  = {2008},
  publisher = {Elsevier {BV}},
  pages = {1},
  author = {G. Laricchia and S. Armitage and {\'{A}}. K\"{o}v{\'{e}}r and D.J. Murtagh},
  title = {Ionizing Collisions by Positrons and Positronium Impact on the Inert Atoms},
  booktitle = {Advances In Atomic, Molecular, and Optical Physics}
}

@article{Laricchia2009,
author = {Laricchia, G. and Brawley, S. and Cooke, D. A. and K\"{o}v\'{e}r, \'{A}. and Murtagh, D. J. and Williams, A. I.},
doi = {10.1088/1742-6596/194/1/012036},
journal = {JPCS},
month = nov,
number = {1},
pages = {012036},
title = {{Ionization in positron- and positronium- collisions with atoms and molecules}},
url = {http://stacks.iop.org/1742-6596/194/i=1/a=012036?key=crossref.119212e5ddec10e51d5103869ba6e14a},
volume = {194},
year = {2009}
}

@article{Laricchia2012,
author = {Laricchia, G. and Walters, H.R.J.},
doi = {10.1393/ncr/i2012-10077-6},
journal = {Rivista del Nuovo Cimento},
number = {6},
pages = {305},
title = {{Positronium collision physics}},
volume = {35},
year = {2012}
}

@misc{LaricchiaPrivate,
  author = {Laricchia, G.},
  year = {2009},
  howpublished = {Private communication}
}

@article{Lebeda1969,
author = {Lebeda, C. F. and Schrader, D. M.},
doi = {10.1103/PhysRev.178.24},
journal = {Physical Review},
number = {1},
pages = {24},
title = {{Towards an Accurate Wave Function for Positronium Hydride}},
url = {http://link.aps.org/doi/10.1103/PhysRev.178.24},
volume = {178},
year = {1969}
}

@article{LeSech1998,
author = {{Le Sech}, C. and Silvi, B.},
doi = {10.1016/S0301-0104(98)00210-9},
journal = {Chemical Physics},
pages = {77},
title = {{Study of positronium hydride with a simple wavefunction: Application to the Stark effect of PsH}},
volume = {236},
year = {1998}
}

@article{Levy1963,
author = {Levy, Bertram R. and Keller, Joseph B.},
doi = {10.1063/1.1703889},
journal = {J. Math. Phys.},
number = {1},
pages = {54},
title = {{Low-Energy Expansion of Scattering Phase Shifts for Long-Range Potentials}},
url = {http://link.aip.org/link/JMAPAQ/v4/i1/p54/s1\&Agg=doi},
volume = {4},
year = {1963}
}

@article{Lucchese1989,
author = {{Robert R. Lucchese}},
doi = {10.1103/PhysRevA.40.6879},
journal = {Physical Review A},
month = dec,
number = {12},
pages = {6879},
title = {{Anomalous singularities in the complex Kohn variational principle of quantum scattering theory}},
url = {http://link.aps.org/doi/10.1103/PhysRevA.40.6879},
volume = {40},
year = {1989}
}

@article{Luchow1992,
author = {L\"{u}chow, Arne and Kleindienst, Heinz},
doi = {10.1016/0009-2614(92)86030-L},
journal = {Chem. Phys. Lett.},
month = sep,
number = {1-2},
pages = {105},
title = {{An efficient basis selection procedure for the reduction of the dimension in large Hylleraas-CI calculations}},
url = {http://linkinghub.elsevier.com/retrieve/pii/000926149286030L},
volume = {197},
year = {1992}
}

@article{Luchow1993,
author = {L\"{u}chow, Arne and Kleindienst, Heinz},
doi = {10.1016/0097-8485(93)80029-D},
journal = {Computers \& Chemistry},
month = mar,
number = {1},
pages = {61},
title = {{Stable and efficient algorithm for selected eigenvalues and eigenvectors of the general symmetric eigenproblem}},
url = {http://linkinghub.elsevier.com/retrieve/pii/009784859380029D},
volume = {17},
year = {1993}
}

@article{Ludwig1966,
doi = {10.1007/bf00527047},
url = {http://dx.doi.org/10.1007/BF00527047},
year  = {1966},
volume = {5},
number = {5},
pages = {440},
author = {Oliver G. Ludwig and Robert G. Parr},
title = {{Configuration interaction wavefunction for positronium hydride}},
journal = {Theoretica Chimica Acta}
}

@article{Macek1970,
author = {Macek, Joseph},
doi = {http://dx.doi.org/10.1103/PhysRevA.2.1101},
journal = {Physical Review A},
pages = {1101},
title = {{Behavior of Eigenphases near a Resonance}},
url = {http://journals.aps.org/pra/abstract/10.1103/PhysRevA.2.1101},
volume = {2},
year = {1970}
}

@article{Martin1980,
author = {Martin, D. W. and Fraser, P. A.},
doi = {10.1088/0022-3700/13/17/017},
journal = {Journal of Physics B: Atomic and Molecular Physics},
month = sep,
number = {17},
pages = {3383},
title = {{The van der Waals force between positronium and light atoms}},
url = {http://stacks.iop.org/0022-3700/13/i=17/a=017?key=crossref.52891532bdb92d8ebf82728e6f452f7d},
volume = {13},
year = {1980}
}

@article{Massey1954,
author = {Massey, H. S. W. and Mohr, C. B. O.},
doi = {10.1088/0370-1298/67/8/306},
journal = {Proceedings of the Physical Society: Section A},
month = aug,
number = {8},
pages = {695},
title = {{Gaseous Reactions involving Positronium}},
url = {http://stacks.iop.org/0370-1298/67/i=8/a=306?key=crossref.1279cbcd966cc8f7209fc96446cca730},
volume = {67},
year = {1954}
}

@book{MATLAB,
year = {2014},
author = {MATLAB},
title = {version 8.3.0 (R2014a)},
publisher = {The MathWorks Inc.},
address = {Natick, Massachusetts}
}

@misc{Mathematica,
 author = {Mathematica},
 title		= {Mathematica, Version 8.0},
 publisher	= {Wolfram Research, Inc.},
 year		= {2010},
 address	= {Champaign, Illinois}
}

@misc{MathworldChebyshevGauss,
 author = {Mathworld},
 title = {{C}hebyshev-{G}auss {Q}uadrature},
 url = {http://mathworld.wolfram.com/Chebyshev-GaussQuadrature.html},
 NOTE = "\texttt{http://mathworld.wolfram.com/Chebyshev-GaussQuadrature.html}",
 year = {2011}
}

@article{McEachran2014,
author = {McEachran, R.P. and Stauffer, A. D.},
doi = {10.1140/epjd/e2014-50166-7},
journal = {The European Physical Journal D},
month = jun,
number = {6},
pages = {153},
title = {{Momentum transfer cross sections for the heavy noble gases}},
url = {http://link.springer.com/10.1140/epjd/e2014-50166-7},
volume = {68},
year = {2014}
}

@article{Mella1999,
author = {Mella, Massimo and Morosi, Gabriele and Bressanini, Dario},
doi = {10.1063/1.480538},
journal = {Journal of Chemical Physics},
number = {1},
pages = {108},
title = {{Positron and positronium chemistry by quantum Monte Carlo. IV. Can this method accurately compute observables beyond energy?}},
volume = {111},
year = {1999}
}

@book{Mitroy2002a,
address = {Dordrecht Boston},
author = {Mitroy, J. and Bromley, M. W. J. and Ryzhikh, G. G.},
doi = {10.1007/0-306-47613-4},
editor = {Surko, Clifford M. and Gianturco, Franco A.},
isbn = {0-7923-7152-6},
pages = {21},
publisher = {Kluwer Academic Publishers},
title = {{New Directions in Antimatter Chemistry and Physics}},
url = {http://www.springerlink.com/index/10.1007/0-306-47613-4},
year = {2002}
}

@article{Mitroy2006,
author = {Mitroy, J.},
doi = {10.1103/PhysRevA.73.054502},
journal = {Physical Review A},
month = may,
number = {5},
pages = {054502},
title = {{Energy and expectation values of the PsH system}},
url = {http://link.aps.org/doi/10.1103/PhysRevA.73.054502},
volume = {73},
year = {2006}
}

@article{Mitroy2007,
author = {Mitroy, J. and Bromley, M. W. J.},
doi = {10.1103/PhysRevLett.98.063401},
journal = {Physical Review Letters},
month = feb,
number = {6},
pages = {063401},
title = {{Second Bound State of PsH}},
url = {http://link.aps.org/doi/10.1103/PhysRevLett.98.063401},
volume = {98},
year = {2007}
}

@article{Mohr2012,
author = {Mohr, Peter J. and Taylor, Barry N. and Newell, David B.},
doi = {10.1103/RevModPhys.84.1527},
journal = {Rev. Mod. Phys.},
month = nov,
number = {4},
pages = {1527},
title = {{CODATA recommended values of the fundamental physical constants: 2010}},
url = {http://link.aps.org/doi/10.1103/RevModPhys.84.1527},
volume = {84},
year = {2012}
}

@article{Moxom1998,
author = {Moxom, J. and Xu, J. and Laricchia, G. and Hulett, L. D. and Schrader, D. M. and Kobayashi, Y. and Somieski, B. and Lewis, T. A.},
doi = {10.1016/S0168-583X(98)00205-5},
journal = {Nuclear Instruments and Methods in Physics Research Section B: Beam Interactions with Materials and Atoms},
pages = {112},
title = {{Fragmentation and ionization of CH$_3$F by positron and electron Impact}},
url = {http://discovery.ucl.ac.uk/115532/},
volume = {143},
year = {1998}
}

@article{Mitroy2013,
author = {Mitroy, Jim and Bubin, Sergiy and Horiuchi, Wataru and Suzuki, Yasuyuki and Adamowicz, Ludwik and Cencek, Wojciech and Szalewicz, Krzysztof and Komasa, Jacek and Blume, D. and Varga, K\'{a}lm\'{a}n},
doi = {10.1103/RevModPhys.85.693},
journal = {Reviews of Modern Physics},
month = may,
number = {2},
pages = {693},
title = {{Theory and application of explicitly correlated Gaussians}},
url = {http://link.aps.org/doi/10.1103/RevModPhys.85.693},
volume = {85},
year = {2013}
}

@article{Mohorovicic1934,
  doi = {10.1002/asna.19342530402},
  url = {http://dx.doi.org/10.1002/asna.19342530402},
  year  = {1934},
  volume = {253},
  number = {4},
  pages = {93},
  author = {St. Mohorovi\u{c}i\'{c}},
  title = {M\"{o}glichkeit neuer Elemente und ihre Bedeutung f\"{u}r die Astrophysik},
  journal = {Astronomische Nachrichten}
}

@article{Nagashima1998,
author = {Nagashima, Y and Hyodo, T and Fujiwara, K and Ichimura, A},
doi = {10.1088/0953-4075/31/2/014},
journal = {Journal of Physics B: Atomic and Molecular Physics},
month = jan,
number = {2},
pages = {329},
title = {{Momentum-transfer cross section for slow positronium-He scattering}},
url = {http://stacks.iop.org/0953-4075/31/i=2/a=014?key=crossref.020f94a4853b0913d6e62e664442fc14},
volume = {31},
year = {1998}
}

@article{Navin1974,
author = {Navin, Peter B. and Schrader, D. M. and Lebeda, C. F.},
doi = {10.1007/BF00884415},
journal = {Physical Revie w A},
month = feb,
number = {2},
pages = {159},
title = {{An improved wave function for positronium hydride: Preliminary report}},
url = {http://www.springerlink.com/index/10.1007/BF00884415},
volume = {3},
year = {1974}
}

@article{Neamtan1962,
author = {Neamtan, S. M. and Darewych, G. and Oczkowski, G.},
journal = {Physical Review},
number = {1},
pages = {192},
title = {{Annihilation of Positrons from the H-e+ Ground State}},
url = {http://journals.aps.org/pr/abstract/10.1103/PhysRev.126.193},
volume = {126},
year = {1962}
}

@Book{Nesbet2003,
 author = {Nesbet, R. K.},
 title = {Variational Principles and Methods in Theoretical Physics and Chemistry},
 publisher = {Cambridge University Press},
 year = {2003},
 address = {New York},
 isbn = {978-0521803915}
 }

@misc{NISTConversions,
 author = {{NIST} {C}onversions},
 title = {{NIST} {C}onversions},
 howpublished = {\url{http://physics.nist.gov/cuu/Constants/energy.html}},
 note = {Accessed: 2014-08-27},
 year = {2014}
}

@article{Ohrn1963,
author = {{\"O}hrn, Y. and Nordling, J.},
journal = {Journal of Chemical Physics},
pages = {1864},
title = {{On the Calculation of Some Atomic Integrals Containing Functions of $r_{12}$, $r_{13}$, and $r_{23}$}},
url = {http://scitation.aip.org/content/aip/journal/jcp/39/7/10.1063/1.1734544},
volume = {39},
year = {1963}
}

@article{Ore1951,
author = {Ore, Aadne},
doi = {10.1103/PhysRev.83.665},
journal = {Physical Review},
month = aug,
number = {3},
pages = {665},
title = {{The Existence of Wheeler-Compounds}},
url = {http://link.aps.org/doi/10.1103/PhysRev.83.665},
volume = {83},
year = {1951}
}

@article{Pachucki2004,
  author = {Pachucki, Krzysztof and Puchalski, Mariusz and Remiddi, Ettore},
  doi = {10.1103/PhysRevA.70.032502},
  journal = {Physical Review A},
  month = sep,
  number = {3},
  pages = {032502},
  title = {{Recursion relations for the generic Hylleraas three-electron integral}},
  url = {http://link.aps.org/doi/10.1103/PhysRevA.70.032502},
  volume = {70},
  year = {2004}
}

@article{Pachucki2005,
author = {Pachucki, Krzysztof and Puchalski, Mariusz},
doi = {10.1103/PhysRevA.71.032514},
journal = {Physical Review A},
month = mar,
number = {3},
pages = {032514},
title = {{Extended Hylleraas three-electron integral}},
url = {http://link.aps.org/doi/10.1103/PhysRevA.71.032514},
volume = {71},
year = {2005}
}

@article{Pachucki2008,
author = {Pachucki, Krzysztof and Puchalski, Mariusz},
doi = {10.1103/PhysRevA.77.032511},
journal = {Physical Review A},
month = mar,
number = {3},
pages = {032511},
title = {{Singular Hylleraas three-electron integrals}},
url = {http://link.aps.org/doi/10.1103/PhysRevA.77.032511},
volume = {77},
year = {2008}
}

@article{Page1974,
author = {Page, B. A. P. and Fraser, P. A.},
doi = {10.1088/0022-3700/7/13/006},
journal = {Journal of Physics B: Atomic and Molecular Physics},
month = sep,
number = {13},
pages = {L389},
title = {{The ground state of positronium hydride}},
volume = {7},
year = {1974}
}

@article{Page1976,
author = {Page, B. A. P.},
journal = {Journal of Physics B: Atomic and Molecular Physics},
number = {7},
pages = {1111},
publisher = {Institute of Physics Publishing},
title = {{Positronium-hydrogen scattering lengths}},
url = {http://www.iop.org/EJ/article/0022-3700/9/7/011/jbv9i7p1111.pdf},
volume = {9},
year = {1976}
}

@article{Pelzl1998,
author = {Pelzl, Paul J. and King, Frederick W.},
doi = {10.1103/PhysRevE.57.7268},
journal = {Physical Review E},
month = jun,
number = {6},
pages = {7268},
title = {{Convergence accelerator approach for the high-precision evaluation of three-electron correlated integrals}},
url = {http://link.aps.org/doi/10.1103/PhysRevE.57.7268},
volume = {57},
year = {1998}
}

@article{Pelzl2002,
author = {Pelzl, Paul J. and Smethells, Gregory J. and King, Frederick W.},
doi = {10.1103/PhysRevE.65.036707},
journal = {Physical Review E},
month = feb,
number = {3},
pages = {036707},
title = {{Improvements on the application of convergence accelerators for the evaluation of some three-electron atomic integrals}},
url = {http://link.aps.org/doi/10.1103/PhysRevE.65.036707},
volume = {65},
year = {2002}
}

@article{Perkins1968,
author = {Perkins, J. F.},
doi = {10.1063/1.1669001},
journal = {The Journal of Chemical Physics},
number = {5},
pages = {1985},
title = {{Atomic Integrals Containing $r_{23}^\lambda$ $r_{31}^\mu$ $r_{12}^\nu$}},
url = {http://link.aip.org/link/?JCP/48/1985/1\&Agg=doi},
volume = {48},
year = {1968}
}

@article{Perkins1969,
author = {Perkins, J. F.},
doi = {10.1063/1.1671469},
journal = {The Journal of Chemical Physics},
number = {7},
pages = {2819},
title = {{Atomic Integrals Containing $r_{ij}^p$ Correlation Factors with Unlinked Indices}},
url = {http://link.aip.org/link/?JCP/50/2819/1\&Agg=doi},
volume = {50},
year = {1969}
}

@article{Porras1994,
author = {Porras, I. and King, Frederick W.},
doi = {10.1103/PhysRevA.49.1637},
journal = {Physical Review A},
month = mar,
number = {3},
pages = {1637},
title = {{Evaluation of some integrals for the atomic three-electron problem using convergence accelerators}},
url = {http://link.aps.org/doi/10.1103/PhysRevA.49.1637},
volume = {49},
year = {1994}
}

@article{Puchalski2006,
author = {Puchalski, Mariusz and Pachucki, Krzysztof},
doi = {10.1103/PhysRevA.73.022503},
journal = {Physical Review A},
month = feb,
number = {2},
pages = {022503},
title = {{Ground-state wave function and energy of the lithium atom}},
url = {http://link.aps.org/doi/10.1103/PhysRevA.73.022503},
volume = {73},
year = {2006}
}

@article{Puchalski2010,
author = {Puchalski, Mariusz and Pachucki, Krzysztof},
doi = {10.1103/PhysRevA.81.052505},
journal = {Physical Review A},
month = may,
number = {5},
pages = {052505},
title = {{Applications of four-body exponentially correlated functions}},
url = {http://link.aps.org/doi/10.1103/PhysRevA.81.052505},
volume = {81},
year = {2010}
}

@misc{Python,
 author = {Python},
 title = {{P}ython},
 url = {http://www.python.org},
 note = "\texttt{http://www.python.org}",
 year = {2011}
}

@article{Ray1997,
author = {Ray, Hasi and Ghosh, A. S.},
doi = {10.1088/0953-4075/30/16/014},
journal = {Journal of Physics B: Atomic and Molecular Physics},
pages = {3745},
title = {{Positronium - hydrogen-atom scattering using the static exchange model}},
url = {http://iopscience.iop.org/0953-4075/30/16/014/},
volume = {30},
year = {1997}
}

@article{Ray2006,
author = {Ray, Hasi},
doi = {10.1103/PhysRevA.73.064501},
journal = {Physical Review A},
month = jun,
number = {6},
pages = {064501},
title = {{Findings in Ps-H scattering}},
url = {http://link.aps.org/doi/10.1103/PhysRevA.73.064501},
volume = {73},
year = {2006}
}

@article{Ray2007,
archivePrefix = {arXiv},
arxivId = {arXiv:0711.2566v1},
author = {Ray, Hasi},
eprint = {arXiv:0711.2566v1},
journal = {Arxiv preprint arXiv:0711.2566},
pages = {1},
title = {{Resonances in Ps-H scattering}},
url = {http://arxiv.org/abs/0711.2566},
year = {2007}
}

@misc{RayleighRitz,
 author = {Knowino},
 title = {Rayleigh-{R}itz method},
 howpublished = {\url{http://www.webcitation.org/6VhFOV4O8}},
 url = {http://www.tau.ac.il/~tsirel/dump/Static/knowino.org/wiki/Rayleigh-Ritz_method.html},
 cached = {http://www.webcitation.org/6VhFOV4O8},
 year = {2014}
}

@article{Ryzhikh1999,
author = {Ryzhikh, G. G. and Mitroy, J.},
doi = {10.1088/0953-4075/32/16/305},
journal = {Journal of Physics B: Atomic, Molecular and Optical Physics},
pages = {4051},
title = {{Positron annihilation profiles for HPs and He( 3 S e )e +}},
url = {http://stacks.iop.org/0953-4075/32/i=16/a=305},
volume = {32},
year = {1999}
}

@article{Sack1964,
author = {Sack, R. A.},
doi = {10.1063/1.1704114},
journal = {Journal of Mathematical Physics},
number = {2},
pages = {245},
title = {{Generalization of Laplace's Expansion to Arbitrary Powers and Functions of the Distance between Two Points}},
url = {http://link.aip.org/link/JMAPAQ/v5/i2/p245/s1\&Agg=doi},
volume = {5},
year = {1964}
}

@article{Saito1995,
author = {Saito, Shiro L.},
doi = {10.1016/0009-2614(95)00954-3},
journal = {Chemical Physics Letters},
month = oct,
number = {1},
pages = {54},
title = {{Calculation of positronium compounds, PsLi, PsF, and PsCl, by second-order variational perturbation method}},
url = {http://linkinghub.elsevier.com/retrieve/pii/0009261495009543},
volume = {245},
year = {1995}
}

@article{Saito2000,
author = {Saito, Shiro L.},
doi = {10.1016/S0168-583X(00)00005-7},
journal = {Nuclear Instruments and Methods in Physics Research Section B: Beam Interactions with Materials and Atoms},
month = aug,
number = {1-2},
pages = {60},
title = {{Is positronium hydride atom or molecule?}},
url = {http://linkinghub.elsevier.com/retrieve/pii/S0168583X00000057},
volume = {171},
year = {2000}
}

@article{Saito2003,
author = {Saito, F. and Nagashima, Y. and Hyodo, T.},
doi = {10.1088/0953-4075/36/20/011},
journal = {Journal of Physics B: Atomic and Molecular Physics},
month = oct,
number = {20},
pages = {4191},
title = {{Momentum-transfer cross sections for slow positroniumâ€“gas collisions}},
url = {http://stacks.iop.org/0953-4075/36/i=20/a=011?key=crossref.8f1edb93d44adca2160752b6e9c7f0d2},
volume = {36},
year = {2003}
}

@article{Saito2003a,
author = {Saito, Shiro L.},
doi = {10.1063/1.1531101},
journal = {Journal of Chemical Physics},
number = {4},
pages = {1714},
title = {{Multireference configuration interaction calculations of some low-lying states of positronium hydride}},
volume = {118},
year = {2003}
}

@Book{Sauer2006,
 author = {{Tim Sauer}},
 title = {Numerical analysis},
 publisher = {Pearson Addison Wesley},
 pages = {55-65, 135-137},
 year = {2006},
 address = {Boston},
 isbn = {978-0321268983}
}

@article{Schrader1992,
author = {{D. M. Schrader, Finn M. Jacobsen, Niels-Peter Frandsen, and Ulrik Mikkelsen}},
doi = {10.1103/PhysRevLett.69.57},
journal = {Physical Review Letters},
month = jul,
number = {1},
pages = {57},
title = {{Formation of Positronium Hydride}},
url = {http://link.aps.org/doi/10.1103/PhysRevLett.69.57},
volume = {69},
year = {1992}
}

@article{Schwartz1961a,
author = {Schwartz, Charles},
doi = {10.1103/PhysRev.123.1700},
journal = {Phys. Rev.},
month = sep,
number = {5},
pages = {1700},
title = {{Lamb Shift in the Helium Atom}},
url = {http://link.aps.org/doi/10.1103/PhysRev.123.1700},
volume = {123},
year = {1961}
}

@misc{SciPy,
 author = {{S}ciPy},
 title = {{S}ciPy},
 url = {http://www.scipy.org/},
 note = "\texttt{http://www.scipy.org}",
 year = {2011}
}

@article{Sinha1997,
author = {{Prabal K. Sinha, Puspitapallab Chaudhury and A. S. Ghosh}},
doi = {10.1088/0953-4075/30/20/024},
journal = {Journal of Physics B: Atomic and Molecular Physics},
number = {20},
pages = {4643},
publisher = {IOP Publishing},
title = {{Ps-H scattering using the three-state positronium close-coupling approximation}},
url = {http://iopscience.iop.org/0953-4075/30/20/024},
volume = {30},
year = {1997}
}

@article{Sinha2000,
author = {Sinha, Prabal K. and Basu, Arindam and Ghosh, A. S.},
doi = {10.1088/0953-4075/33/13/317},
journal = {Journal of Physics B: Atomic and Molecular Physics},
month = jul,
number = {13},
pages = {2579},
title = {{Low-energy positronium-hydrogen elastic scattering using the six-state close coupling approximation}},
url = {http://stacks.iop.org/0953-4075/33/i=13/a=317?key=crossref.a9d72670f7903b9f623db0dca16af715},
volume = {33},
year = {2000}
}

@article{Shipman2014,
author = {Shipman, Michael and Brawley, Simon J. and Sarkadi, L\'{a}szl\'{o} and Laricchia, Gaetana},
doi = {10.1140/epjd/e2014-40791-5},
journal = {The European Physical Journal D},
month = apr,
number = {4},
pages = {75},
title = {{Collimated positronium production from gases}},
url = {http://link.springer.com/10.1140/epjd/e2014-40791-5},
volume = {68},
year = {2014}
}

@article{Sochi2013,
author = {Sochi, Taha and Storey, P. J.},
doi = {10.1140/epjp/i2013-13082-4},
journal = {The European Physical Journal Plus},
month = aug,
number = {8},
pages = {82},
title = {{Methods for analyzing resonances in atomic scattering}},
url = {http://link.springer.com/10.1140/epjp/i2013-13082-4},
volume = {128},
year = {2013}
}

@article{Stibbe1998,
author = {Stibbe, Darian T. and Tennyson, Jonathan},
doi = {10.1016/S0010-4655(98)00070-8},
journal = {Computer Physics Communications},
month = nov,
number = {1-3},
pages = {236},
title = {{TIMEDEL: A program for the detection and parameterization of resonances using the time-delay matrix}},
url = {http://linkinghub.elsevier.com/retrieve/pii/S0010465598000708},
volume = {114},
year = {1998}
}

@article{Strasburger1995,
author = {Strasburger, K. and Chojnacki, H.},
journal = {Chemical Physics Letters},
number = {August},
pages = {485},
title = {{On the reliability of the SCF and CI wavefunctions for systems containing positrons}},
volume = {241},
year = {1995}
}

@article{Strasburger1998,
author = {Strasburger, K. and Chojnacki, H.},
doi = {10.1063/1.475717},
journal = {The Journal of Chemical Physics},
number = {8},
pages = {3218},
title = {{Quantum chemical study of simple positronic systems using explicitly correlated Gaussian functions â€“ PsH and PsLi$^+$}},
url = {http://scitation.aip.org/content/aip/journal/jcp/108/8/10.1063/1.475717},
volume = {108},
year = {1998}
}

@article{Tang1993,
author = {Tang, S. and Surko, C. M.},
doi = {10.1103/PhysRevA.47.R743},
journal = {Physical Review A},
number = {2},
pages = {743},
title = {{Angular dependence of positronium formation in molecular hydrogen}},
volume = {47},
year = {1993}
}

@article{Tennyson1984,
author = {Tennyson, Jonathan and Noble, Cliff J.},
doi = {10.1016/0010-4655(84)90147-4},
journal = {Computer Physics Communications},
month = oct,
number = {4},
pages = {421},
title = {{RESON - A program for the detection and fitting of Breit-Wigner resonances}},
volume = {33},
year = {1984}
}

@phdthesis{Todd2007,
author = {Todd, A. C.},
school = {The University of Nottingham},
title = {{Helium-Antihydrogen Interactions}},
year = {2007}
}

@article{Usukura1998,
author = {Usukura, J. and Varga, K. and Suzuki, Y.},
doi = {10.1103/PhysRevA.58.1918},
journal = {Physical Review A},
month = sep,
number = {3},
pages = {1918},
title = {{Signature of the existence of the positronium molecule}},
url = {http://link.aps.org/doi/10.1103/PhysRevA.58.1918},
volume = {58},
year = {1998}
}

@article{Vallery2003,
author = {Vallery, R. and Zitzewitz, P. and Gidley, D.},
doi = {10.1103/PhysRevLett.90.203402},
journal = {Physical Review Letters},
month = may,
number = {20},
pages = {203402},
title = {{Resolution of the Orthopositronium-Lifetime Puzzle}},
url = {http://link.aps.org/doi/10.1103/PhysRevLett.90.203402},
volume = {90},
year = {2003}
}

@phdthesis{VanReethThesis,
author = {{Van Reeth}, P.},
school = {University College London, unpublished},
title = {{Theoretical Studies of Positronium Formation in Low Energy Positron-Helium Collisions}},
year = {1996}
}

@misc{VanReethPrivate,
  author = {{Van Reeth}, P.},
  year = {2008},
  howpublished = {Private communication}
}

@article{VanReeth1997,
author = {{Van Reeth}, P. and Humberston, J W},
doi = {10.1088/0953-4075/30/3/001},
journal = {Journal of Physics B: Atomic and Molecular Physics},
number = {3},
pages = {L95},
title = {{A partial-wave analysis of positronium formation in positron-helium scattering}},
url = {http://stacks.iop.org/0953-4075/30/i=3/a=001?key=crossref.c44db477f3422fb89b9998a55293b588},
volume = {30},
year = {1997}
}

@article{VanReeth1999,
author = {{Van Reeth}, P. and Humberston, J. W.},
doi = {10.1088/0953-4075/32/15/303},
journal = {Journal of Physics B: Atomic and Molecular Physics},
number = {15},
pages = {3651},
publisher = {IOP Publishing},
title = {{Elastic scattering and positronium formation in low-energy positron-helium collisions}},
url = {http://iopscience.iop.org/0953-4075/32/15/303},
volume = {32},
year = {1999}
}

@article{VanReeth2003,
author = {{Van Reeth}, P. and Humberston, J. W.},
doi = {10.1088/0953-4075/36/10/303},
journal = {Journal of Physics B: Atomic and Molecular Physics},
month = may,
number = {10},
pages = {1923},
title = {{Variational calculations of s-wave positronium-hydrogen scattering}},
url = {http://stacks.iop.org/0953-4075/36/i=10/a=303?key=crossref.5c8f4f9659df795e6ef95e6d7cce528f},
volume = {36},
year = {2003}
}

@article{VanReeth2004,
author = {{Van Reeth}, P. and Humberston, J. W.},
doi = {10.1016/j.nimb.2004.03.045},
journal = {Nuclear Instruments and Methods in Physics Research Section B: Beam Interactions with Materials and Atoms},
month = jul,
pages = {140},
title = {{Low energy positronium-hydrogen scattering}},
url = {http://linkinghub.elsevier.com/retrieve/pii/S0168583X04003817},
volume = {221},
year = {2004}
}

@misc{VanReeth2014,
author = {Van Reeth, P.},
howpublished = {unpublished},
year = 2014
}

@article{Walters2004,
author = {Walters, H. R. J. and Yu, A. C. H. and Sahoo, S. and Gilmore, Sharon},
doi = {10.1016/j.nimb.2004.03.047},
journal = {Nuclear Instruments and Methods in Physics Research Section B: Beam Interactions with Materials and Atoms},
month = jul,
pages = {149},
title = {{Positronium-atom collisions}},
url = {http://linkinghub.elsevier.com/retrieve/pii/S0168583X04003830},
volume = {221},
year = {2004}
}

@article{Wang2014,
author = {Wang, Yang and Zatsarinny, Oleg and Bartschat, Klaus},
doi = {10.1103/PhysRevA.89.062714},
journal = {Physical Review A},
month = jun,
number = {6},
pages = {062714},
title = {{B-spline R-matrix-with-pseudostates calculations for electron-impact excitation and ionization of nitrogen}},
url = {http://link.aps.org/doi/10.1103/PhysRevA.89.062714},
volume = {89},
year = {2014}
}

@article{Ward1987,
author = {Ward, S.J. and Humberston, J. W. and McDowell, M. R. C.},
doi = {10.1088/0022-3700/20/1/017},
journal = {Journal of Physics B: Atomic and Molecular Physics},
month = jan,
number = {1},
pages = {127},
title = {{Elastic scattering of electrons (or positrons) from positronium and the photodetachment of the positronium negative ion}},
url = {http://stacks.iop.org/0022-3700/20/i=1/a=017?key=crossref.0f8d028460f66dc0c50ed5514717c475},
volume = {20},
year = {1987}
}

@article{Weber1988,
author = {Weber, M. H. and Tang, S. and Berko, S. and Brown, B. L. and Canter, K. F. and Lynn, K. G. and Mills, A. P. and Roellig, L. O. and Viescas, A. J.},
doi = {10.1103/PhysRevLett.61.2542},
journal = {Physical Review Letters},
number = {22},
pages = {2542},
title = {{Observation of positronium specular reflection from LiF}},
volume = {61},
year = {1988}
}

@article{Wheeler1946,
author = {Wheeler, John Archibald},
doi = {10.1111/j.1749-6632.1946.tb31764.x},
journal = {Annals of the New York Academy of Sciences},
month = oct,
number = {3},
pages = {219},
title = {{Polyelectrons}},
url = {http://doi.wiley.com/10.1111/j.1749-6632.1946.tb31764.x},
volume = {48},
year = {1946}
}

@misc{Wiki,
author={T{he research Wiki is currently hosted at \url{http://cas-bs5cph1.phys.unt.edu/wiki/index.php}, but this could change. My personal website at 
\url{http://www.dentonwoods.com} will have a permanent link to it. The page is currently behind a login/password, but that may also change in the future. For access, contact me directly.}}
}

@misc{WolframPnm,
 author = {Wolfram Research},
 title = {Associated Legendre Polynomials: Identities},
 url = {http://functions.wolfram.com/05.07.17.0003.01},
 note = "\texttt{http://functions.wolfram.com/05.07.17.0003.01}",
 year = {2015}
}

@article{Yan1995,
author = {Yan, Zong-Chao and Drake, G. W. F.},
doi = {10.1103/PhysRevA.52.3711},
journal = {Physical Review A},
month = nov,
number = {5},
pages = {3711},
title = {{Eigenvalues and expectation values for the $1s^22s$ $^2S$, $1s^22p$ $^2P$, and $1s^23d$ $^2D$ states of lithium}},
url = {http://link.aps.org/doi/10.1103/PhysRevA.52.3711},
volume = {52},
year = {1995}
}

@article{Yan1997,
author = {Yan, Zong-Chao and Drake, G. W. F.},
doi = {10.1088/0953-4075/30/21/012},
journal = {Journal of Physics B: Atomic and Molecular Physics},
month = nov,
number = {21},
pages = {4723},
title = {{Computational methods for three-electron atomic systems in Hylleraas coordinates}},
url = {http://stacks.iop.org/0953-4075/30/i=21/a=012?key=crossref.b6dc55c4f129ffb011302325d8d2bc76},
volume = {30},
year = {1997}
}

@article{Yan1997a,
author = {Yan, Zong-Chao and Drake, G. W. F.},
doi = {10.1103/PhysRevLett.79.1646},
journal = {Physical Review Letters},
month = sep,
number = {9},
pages = {1646},
title = {{Lithium Fine Structure in the 1$s^2$ 2$p$ $^2P_J$ States}},
url = {http://link.aps.org/doi/10.1103/PhysRevLett.79.1646},
volume = {79},
year = {1997}
}

@article{Yan1998,
author = {Yan, Zong-Chao and Tambasco, M. and Drake, G. W. F.},
doi = {10.1103/PhysRevA.57.1652},
journal = {Physical Review A},
month = mar,
number = {3},
pages = {1652},
title = {{Energies and oscillator strengths for lithiumlike ions}},
url = {http://link.aps.org/doi/10.1103/PhysRevA.57.1652},
volume = {57},
year = {1998}
}

@article{Yan1998a,
author = {Yan, Zong-Chao and Ho, Y. K.},
doi = {10.1103/PhysRevA.57.R2270},
journal = {Physical Review A},
month = apr,
number = {4},
pages = {R2270},
title = {{P-wave autodissociating resonant states of positronium hydride}},
url = {http://link.aps.org/doi/10.1103/PhysRevA.57.R2270},
volume = {57},
year = {1998}
}

@article{Yan1999,
author = {Yan, Zong-Chao and Ho, Y. K.},
doi = {10.1103/PhysRevA.59.2697},
journal = {Physical Review A},
month = apr,
number = {4},
pages = {2697},
title = {{Ground state and S-wave autodissociating resonant states of positronium hydride}},
url = {http://link.aps.org/doi/10.1103/PhysRevA.59.2697},
volume = {59},
year = {1999}
}

@article{Yan1999a,
author = {Yan, Zong-Chao and Ho, Y. K.},
doi = {10.1103/PhysRevA.60.5098},
journal = {Physical Review A},
mendeley-groups = {Positronium Hydride and Compounds},
month = dec,
number = {6},
pages = {5098--5100},
title = {{Relativistic effects in positronium hydride}},
url = {http://link.aps.org/doi/10.1103/PhysRevA.60.5098},
volume = {60},
year = {1999}
}

@article{Yan2000a,
author = {Yan, Zong-Chao},
doi = {10.1088/0953-4075/33/13/305},
journal = {Journal of Physics B: Atomic, Molecular and Optical Physics},
month = jul,
number = {13},
pages = {2437},
title = {{Computational methods for three-electron atomic systems in Hylleraas coordinates: II. QED terms $\left<r_{ij}^{-3}\right>$ and $\left<r_i^{-3}\right>$}},
url = {http://stacks.iop.org/0953-4075/33/i=13/a=305?key=crossref.83ccc2b4c59057458265cb658f8b17c4},
volume = {33},
year = {2000}
}

@article{Yan2003,
author = {Yan, Z.-C. and Ho, Y. K.},
doi = {10.1088/0953-4075/36/22/004},
journal = {Journal of Physics B: Atomic and Molecular Physics},
month = nov,
number = {22},
pages = {4417},
title = {{Determination of resonance energies and widths in Ps-H scattering using the stabilization method}},
url = {http://stacks.iop.org/0953-4075/36/i=22/a=004?key=crossref.ce2b536a7028a8112038ef46af237e7e},
volume = {36},
year = {2003}
}

@article{Yan2011,
author = {Yan, Zong-Chao and Ho, Y. K.},
doi = {10.1103/PhysRevA.84.034503},
journal = {Physical Review A},
month = sep,
number = {3},
pages = {24},
title = {{Higher-lying resonances in Ps-H scattering below the $e^+$-H$^-$ threshold}},
url = {http://link.aps.org/doi/10.1103/PhysRevA.84.034503},
volume = {84},
year = {2011}
}

@article{Yoshida1996,
author = {Yoshida, Takashi and Miyako, Gensho},
doi = {10.1103/PhysRevA.54.4571},
journal = {Physical Review A},
number = {5},
pages = {4571},
title = {{Diffusion quantum Monte Carlo calculations of positronium hydride and positron lithium}},
volume = {54},
year = {1996}
}

@article{Zafar1996,
author = {Zafar, N. and Laricchia, G. and Charlton, M. and Garner, A.},
doi = {10.1103/PhysRevLett.76.1595},
journal = {Physical Review Letters},
month = mar,
number = {10},
pages = {1595},
title = {{Positronium-Argon Scattering}},
url = {http://link.aps.org/doi/10.1103/PhysRevLett.76.1595},
volume = {76},
year = {1996}
}

@article{Zhang2012,
author = {Zhang, J.-Y. and Yan, Z.-C. and Schwingenschl\"{o}gl, U.},
doi = {10.1209/0295-5075/99/43001},
journal = {EPL},
month = aug,
number = {4},
pages = {43001},
title = {{Elastic scattering of positronium: Application of the confined variational method}},
url = {http://stacks.iop.org/0295-5075/99/i=4/a=43001?key=crossref.8869950a3f6aa007042f7060f37d3a76},
volume = {99},
year = {2012}
}

@Book{Zwillinger2003,
 author = {Zwillinger, Daniel},
 title = {{CRC} Standard Mathematical Tables and Formulae},
 publisher = {Chapman \& Hall/CRC},
 year = {2003},
 address = {Boca Raton},
 isbn = {1-58488-291-3}
 }