@misc{dsygv,
 title = {{LAPACK} dsygv},
 url = {http://www.webcitation.org/5zH8RxOrY},
 NOTE = "\texttt{http://www.webcitation.org/5zH8RxOrY}",
 year = {2011}
}

@misc{MathworldChebyshevGauss,
 title = {{C}hebyshev-{G}auss {Q}uadrature},
 url = {http://mathworld.wolfram.com/Chebyshev-GaussQuadrature.html},
 NOTE = "\texttt{http://mathworld.wolfram.com/Chebyshev-GaussQuadrature.html}",
 year = {2011}
}

@misc{NISTConversions,
 title = {{NIST} {C}onversions},
 url = {http://physics.nist.gov/cuu/Constants/energy.html},
 NOTE = "\texttt{http://physics.nist.gov/cuu/Constants/energy.html}",
 year = {2010}
}

@misc{Mathematica,
 title		= "Mathematica, Version 8.0",
 publisher	= "Wolfram Research, Inc.",
 year		= 2010,
 address	= "Champaign, Illinois"
}

@misc{MATLAB,
 title		= "MATLAB R2008b",
 publisher	= "The MathWorks",
 year		= 2008,
 address	= "Natick, Massachusetts"
}

@misc{Python,
 title = {{P}ython},
 url = {http://www.python.org},
 note = "\texttt{http://www.python.org}",
 year = {2011}
}

@misc{SciPy,
 title = {{S}ciPy},
 url = {http://www.scipy.org/},
 note = "\texttt{http://www.scipy.org}",
 year = {2011}
}